2705 3277
1140 88 1178 95 .-

474 224 919 317 PARS
1051 202 2082 303 GENE'RALIS.

823 487 1190 543 CAPUT
1288 497 1744 537 PRIMUM,

363 638 468 704 De
523 639 739 699 sceleti
790 641 1012 698 Esocis
1060 636 1248 694 Lucii
1311 646 1634 692 structura
1698 634 1768 687 in
1834 632 2219 694 universum,

1215 809 1265 871 §0
1340 823 1388 860 1.

224 899 294 946 Ut
340 899 599 948 variarum
646 903 918 968 regionum
976 898 1117 947 varia
1163 896 1297 942 coeli
1343 903 1697 956 temperatura
1743 905 1855 939 non
1902 890 1989 947 iis,
2050 901 2182 951 quae
2232 904 2257 933 a
2305 888 2500 938 mathe-

83 966 288 1016 maticis
333 976 652 1028 statuuntur,
721 973 891 1030 zonis,
949 983 1046 1014 nec
1089 976 1334 1025 tempora
1383 964 1504 1007 anni
1554 964 1632 1007 vel
1675 959 1951 1027 hominum
1989 965 2173 1031 aetates
2222 957 2501 1007 calendarii

80 1034 496 1098 praescriptione
534 1053 591 1083 ac
627 1036 806 1084 diebus
843 1035 1128 1084 constitutis
1149 1030 1313 1095 *quasi
1352 1033 1498 1077 certis
1533 1027 1746 1092 fixisque
1783 1023 2025 1072 limitibus
2065 1022 2379 1098 dividuntur,
2412 1030 2501 1077 sed

80 1100 396 1152 immutabili
441 1103 557 1166 lege
602 1115 816 1151 naturae
863 1106 1054 1150 sensim
1105 1110 1307 1147 tantum
1356 1106 1512 1160 atque
1562 1112 1652 1157 per
1689 1095 1876 1158 gradus
1925 1106 2032 1138 sese
2076 1093 2361 1152 exciplunt,
2430 1102 2499 1144 sic

78 1168 222 1218 idem
259 1171 312 1220 in
344 1168 496 1219 rebus
534 1175 787 1233 organicis
827 1170 1160 1218 observatum
1199 1174 1299 1222 est,
1356 1169 1489 1211 inter
1529 1168 1707 1209 class-vs
1747 1172 1797 1209 et
1833 1174 2068 1233 genera,⁶
2115 1173 2241 1222 quae
2278 1173 2391 1208 sunt
2426 1166 2502 1211 in-

77 1239 444 1293 numerabilia,
508 1255 613 1285 esse
653 1238 822 1285 solere
869 1237 1083 1303 aliquod
1125 1232 1269 1301 quasi
1301 1233 1563 1290 medium,
1628 1248 1733 1293 quo
1779 1226 1981 1292 singula
2022 1226 2374 1290 disiungantur
2417 1237 2507 1281 mi..

69 1320 192 1364 nus,
238 1325 393 1372 quam
431 1310 830 1369 coniungantur.

1211 1421 1256 1483 §-.
1329 1436 1378 1474 2.

215 1506 342 1553 Tale
381 1507 505 1571 quid
548 1509 707 1572 igitur
752 1510 809 1554 in
853 1507 1083 1572 piscibus
1133 1507 1285 1552 etiam
1328 1506 1615 1556 invenitur.
1695 1503 1828 1552 Nam
1864 1504 2001 1550 inter
2037 1503 2205 1564 pisces
2240 1502 2506 1556 Chondro.

80 1577 346 1639 pterygios
398 1586 450 1620 et
493 1574 923 1638 Branchiostegos
971 1578 1084 1621 iure
1140 1573 1381 1620 videntur
1424 1574 1761 1634 Acipenseres
1810 1574 1938 1635 poni
1989 1588 2165 1633 posse,
2225 1575 2295 1619 ita
2335 1584 2504 1623 tamen

84 1645 144 1686 ut
193 1644 256 1688 ad
286 1642 448 1705 ¹illum
497 1642 742 1689 ordinem
791 1643 1001 1706 propius
1051 1639 1317 1692 accedant.
1387 1640 1523 1686 Nam
1563 1656 1723 1705 quum
1768 1638 1955 1685 horum
2008 1643 2228 1701 piscium
2266 1645 2505 1690 sceletum

80 1708 345 1757 internum
393 1709 779 1773 cartilagineum
826 1710 917 1767 sit,
978 1709 1193 1757 alterum
1239 1709 1527 1765 invenitur,
1590 1719 1886 1762 externum,
1946 1708 2113 1754 minus
2149 1709 2373 1772 magisve
2417 1713 2509 1758 dm

81 1793 198 1823 rum
249 1790 297 1824 et
349 1794 549 1823 osseum
598 1777 780 1842 illique
828 1777 1224 1828 circumdatum.
1297 1775 1413 1824 Hoc
1449 1775 1724 1825 clarissime
1759 1786 1974 1838 apparet
2009 1779 2063 1822 in
2105 1777 2304 1833 cranio,
2363 1780 2506 1842 quod

80 1861 189 1891 non
233 1861 459 1909 superne
492 1855 690 1892 tantum
732 1844 1013 1895 maioribus
1051 1844 1445 1908 minoribusque
1490 1842 1714 1907 squamis
1753 1842 1834 1890 vel
1871 1844 2071 1890 laminis
2107 1843 2323 1903 scabris,
2376 1863 2503 1911 sym.

83 1911 336 1970 metricis,
408 1912 563 1959 osseis
610 1914 830 1976 tegitur,
898 1914 987 1960 sed
1029 1918 1084 1961 in
1132 1910 1241 1959 basi
1282 1913 1434 1958 etiam
1487 1912 1676 1958 lamina
1725 1926 1898 1968 ossea,
1971 1910 2264 1965 durissima,
2324 1910 2504 1963 fibrosa

81 1979 329 2046 varieque
366 1978 495 2027 flexa
533 1981 826 2042 praeditum
867 1988 958 2039 est,
1020 1997 1155 2047 quae
1193 1983 1246 2027 in
1283 1982 1513 2043 utroque
1548 1979 1713 2026 latere
1751 1977 1964 2042 oblique
2000 1995 2197 2026 sursum
2237 1988 2288 2029 et
2321 1992 2511 2030 extror-

80 2064 196 2097 sum
239 2063 406 2112 usque
453 2047 519 2094 ad
569 2051 778 2095 laminas
829 2065 1053 2112 superne
1104 2052 1335 2096 cranium
1383 2056 1640 2112 tegentes,
1702 2058 1981 2094 retrorsum
2023 2063 2144 2097 vero
2193 2052 2328 2095 iuxta
2370 2053 2510 2098 colu-

81 2133 260 2164 mnam
298 2114 644 2163 vertebralem
685 2117 749 2162 ad
790 2120 1058 2180 septimam
1098 2115 1287 2163 costa'm
1330 2114 1719 2162 abdominalem
1758 2125 1925 2178 patet:
1974 2115 2028 2163 id
2066 2116 2210 2181 quod
2250 2119 2355 2183 ipse
2396 2120 2508 2170 vidi

80 2191 138 2235 in
172 2185 366 2232 sceleto
402 2183 730 2246 Acipenseris
770 2185 1054 2242 sturionis,
1119 2183 1265 2249 quod
1312 2183 1694 2248 longitudinem
1732 2181 1886 2229 habet
1930 2183 2155 2232 duorum
2200 2188 2391 2248 pedum
2431 2202 2508 2237 at-

87 2268 191 2321 que
229 2252 526 2317 quadrantis
565 2263 614 2297 et
647 2255 702 2298 in
738 2268 918 2299 museo
950 2265 1131 2300 nostro
1171 2256 1462 2298 anatomico
1500 2264 1744 2303 servatur.
1810 2254 2086 2299 Praeterea
2125 2269 2185 2301 ex
2220 2259 2505 2317 posteriore

83 2333 231 2387 parte
289 2322 347 2366 in
396 2323 711 2368 anteriorem
768 2320 952 2368 lamina
1016 2337 1157 2368 ossea
1206 2320 1496 2367 extenditur
1531 2319 1978 2384 perpendicularis
2012 2338 2108 2384 per
2162 2325 2504 2385 cartilaginem

85 2394 259 2448 rostri,
319 2406 424 2455 qua
478 2387 648 2434 nullus
696 2387 820 2436 alius
871 2389 1019 2451 piscis
1069 2388 1256 2437 clarius
1312 2404 1585 2434 vomerem
1631 2389 1979 2436 mammalium
2022 2387 2211 2442 refert.
2318 2395 2507 2455 Pegma

44 2465 47 2468 ’
87 2455 476 2520 cartilaginem
533 2454 682 2502 faciei
736 2466 785 2502 et
832 2456 1233 2517 mammarum,
1293 2459 1416 2503 ossis
1456 2454 1691 2520 quadrati
1741 2474 1840 2520 op*
1880 2455 2056 2505 cranio
2095 2463 2367 2516 insertum,
2427 2460 2508 2509 hic

80 2525 186 2574 illic
224 2525 534 2575 ossifieatum
572 2527 765 2574 inveni.
817 2525 1139 2587 Operculum
1181 2522 1478 2571 branchiale
1514 2542 1571 2570 ex
1599 2523 1684 2571 tali
1722 2523 1912 2572 lamina
1951 2526 2126 2574 scabra
2165 2533 2298 2574 ossffl
2337 2526 2509 2575 fictum

83 2607 187 2652 est,
246 2595 420 2658 quales
466 2601 583 2639 sunt
631 2607 738 2648 eae,
817 2609 951 2657 quae
987 2608 1212 2655 superne
1256 2597 1492 2640 cranium
1542 2596 1816 2657 operiunt:
1878 2605 2033 2658 atque
2070 2596 2330 2660 cingulum
2369 2599 2514 2643 carti-

78 2661 372 2726 lagineum,
422 2661 479 2710 in
511 2677 616 2726 quo
658 2658 853 2724 pinnae
890 2660 1177 2709 thoracicae
1227 2659 1402 2708 affixae
1443 2669 1585 2718 sunt,
1649 2659 1903 2708 eiusmodi
1949 2659 2141 2710 lamina
2187 2667 2332 2727 quasi
2367 2662 2514 2711 firma

84 2728 243 2778 lorica
277 2730 650 2778 circumdatum
688 2742 777 2780 est.
848 2732 1121 2778 Processns
1160 2727 1309 2775 etiam
1347 2727 1543 2792 spinosi
1579 2731 1930 2776 vertebrarum
1972 2739 2023 2776 et
2058 2741 2224 2778 costae
2261 2748 2320 2779 ex
2348 2741 2515 2796 parte,

89 2801 368 2846 anteriores
413 2800 648 2861 longius,
713 2796 913 2845 brevius
962 2800 1301 2864 posteriores,
1361 2794 1640 2845 ossificatae
1682 2805 1832 2857 sunt3
1899 2814 1996 2845 nec
2031 2808 2200 2846 tamen
2247 2799 2349 2846 hae
2397 2814 2516 2848 sunt

92 2866 408 2927 articulatae,
452 2866 563 2915 'sed
612 2881 728 2915 cum
779 2870 925 2917 molli
975 2868 1216 2916 columna
1266 2864 1539 2916 vertebrali
1584 2863 1900 2930 ligamento,
1968 2866 2112 2931 quod
2158 2866 2279 2914 inde
2336 2873 2516 2926 oritur,

1293 2951 1324 2982 2
2303 2933 2520 2985 fibroso-
