2643 3292
105 123 131 179 1
145 124 184 178 6·
1155 130 1468 154 ψ·

100 250 356 306 habueris,
409 249 685 296 cavitatem
724 243 894 294 oranii
946 247 1159 306 eiusque
1214 256 1328 286 ossa
1373 240 1674 288 brevis-sima*
1732 243 1920 299 videri,
1973 244 2042 290 ita
2100 246 2158 292 ut
2213 242 2296 292 vix
2346 245 2531 292 eadem

100 328 325 382 aequent
359 314 412 361 in
452 315 706 379 Cyprino‚
746 310 888 362 cuius
925 322 1081 376 caput
1131 306 1397 354 dimidiam
1445 308 1819 371 longitudinem
1858 310 2032 361 habet.
2107 313 2356 359 Granium
2395 314 2535 361 enim

101 389 273 448 ipsum
310 382 546 446 quintam
577 385 689 431 fere
725 389 932 444 partem
973 376 1311 444 longitudinis
1349 374 1510 422 totius
1550 381 1731 440 capitis
1775 382 2191 442 comprehendit.

1227 509 1275 574 §,
1318 511 1397 562 13.

448 619 538 666 De
586 613 813 672 ossibus,
895 630 1039 681 quae
1086 629 1314 678 superne
1361 610 1606 658 cranium
1656 621 1841 674 tegunt
1889 628 1959 661 ae
2004 619 2193 664 statim

1006 681 1104 729 sub
1155 691 1276 727 cuce
1321 691 1625 731 occurrunt,

240 784 433 835 Cranio
472 785 631 850 igitur
672 785 936 841 omnibus,
1000 799 1134 848 quae
1184 797 1303 828 cum
1353 797 1416 827 eo
1470 790 1613 836 cute,
1674 778 1991 845 ligamentis,
2052 783 2131 830 vel
2176 785 2534 835 articulatione

104 858 386 905 coniuncta
431 865 575 909 sunt,
641 855 840 902 ossibus
885 852 1108 911 nudam,
1173 850 1368 896 ossium
1405 849 1734 913 sequentium
1781 847 1903 896 situs
1944 847 2248 901 observetur
2284 856 2537 920 simulque

102 926 210 971 hoc
248 921 434 971 ordine
470 931 871 971 removeantur:

175 1037 224 1077 1,
304 1024 373 1070 Os
409 1019 717 1085 margina‘le
752 1021 876 1068 nasi
915 1020 1057 1083 (22).
1131 1017 1253 1068 Hoc
1293 1021 1346 1066 in
1363 1018 1602 1084 Cyprinis
1642 1017 1923 1066 admodum
1965 1032 2187 1081 parvum
2215 1029 2302 1079 est,
2340 1021 2393 1069 in
2420 1031 2536 1070 cute

234 1090 432 1149 latens,
495 1103 545 1138 et
589 1094 692 1138 iam
742 1098 862 1135 ante
912 1098 1137 1154 quatuor
1191 1100 1356 1134 annos
1403 1104 1430 1136 a
1469 1103 1552 1133 me
1590 1090 1881 1135 inventum.
1952 1086 2019 1138 cs.
2054 1085 2292 1135 Burdach
2339 1087 2374 1140 l.
2413 1107 2456 1143 c.
2494 1089 2535 1141 Ι.

233 1175 287 1222 p.
330 1169 412 1211 11.

171 1257 221 1294 2.
297 1243 367 1288 Os
400 1243 522 1288 nasi
558 1240 727 1308 (24).
797 1241 860 1291 In
897 1239 1141 1305 Cyprinis
1178 1241 1372 1288 lamina
1409 1255 1514 1286 una
1550 1233 1679 1285 flexa
1723 1237 1873 1300 (Boi.
1914 1239 2034 1302 14).
2106 1238 2205 1287 Hic
2243 1256 2337 1287 cur
2377 1256 2404 1285 a
2439 1240 2539 1287 Boo

239 1312 362 1374 jano
399 1314 453 1358 in
494 1312 654 1358 Lucio
695 1311 985 1369 discedam,
1048 1327 1109 1357 ex
1148 1315 1190 1373 §.
1231 1322 1262 1368 7
1307 1306 1598 1369 apparebit.
1671 1306 1775 1354 Sed
1810 1307 1932 1354 inde
1968 1317 2138 1354 secuta
2179 1317 2254 1354 est
2290 1306 2387 1354 alia
2425 1324 2538 1354 sen-

235 1375 430 1424 tentiae
476 1378 740 1427 diversitas
792 1379 858 1424 de
908 1378 1102 1425 o-sibus
1152 1374 1411 1430 incisivis‚
1474 1389 1612 1438 quae
1661 1389 1802 1420 nunc
1848 1378 1959 1436 ipse
1997 1377 2250 1437 Bojanus‚
2314 1378 2534 1436 opinor,

236 1461 367 1494 cum
415 1443 489 1493 his
538 1446 735 1494 ossibus
781 1449 837 1492 in
874 1445 1113 1513 Cyprinis
1161 1447 1261 1491 alia
1296 1442 1500 1490 ratione
1542 1440 1822 1491 conferret.
1898 1442 2148 1489 Ceterum
2195 1445 2249 1488 in
2288 1443 2541 1489 Salmoni-

234 1516 362 1572 bus,
419 1514 605 1578 quibus
657 1525 707 1562 et
748 1512 871 1576 ipsis
922 1513 1172 1578 cartilago
1223 1521 1294 1559 est
1340 1509 1418 1576 (ὃ.
1463 1509 1597 1571 ΙΟ.>,
1655 1507 1848 1557 lamina
1891 1510 2215 1574 respondens
2260 1509 2415 1558 unica
2465 1519 2539 1557 est

244 1582 396 1644 (Ros.
435 1580 565 1632 Tab.
601 1582 692 1633 VI.
741 1580 827 1645 fig.
865 1589 896 1638 3
934 1591 986 1628 et
1024 1592 1080 1646 5,
1134 1582 1210 1644 a).

171 1679 223 1730 3.
259 1659 263 1662 ’
303 1667 373 1713 Os
393 1666 601 1729 [κοπείς
637 1665 752 1729 (ΙΠ
774 1665 909 1728 ἔξω).
983 1666 1147 1714 Huius
1194 1663 1493 1730 superficies
1544 1662 1760 1712 inferior
1805 1666 1956 1712 crista
2003 1680 2114 1714 non
2160 1673 2265 1711 tam
2313 1666 2411 1711 alta
2458 1661 2538 1711 in-

146 1729 153 1734 ’
239 1743 426 1781 structa
472 1743 575 1793 estu,
639 1750 796 1799 quam
845 1736 1226 1797 Cypri'norum,
1288 1734 1431 1798 quod
1480 1748 1615 1789 non,
1673 1734 1820 1777 utin
1858 1730 1962 1789 his,
2013 1733 2337 1781 formationis
2375 1730 2538 1779 cranii

239 1800 539 1849 immediate
597 1801 858 1866 particeps
911 1812 1012 1851 est:
1088 1800 1369 1853 eminentia
1418 1809 1615 1848 tantum
1664 1799 1873 1847 linearis
1927 1800 2021 1848 sub
2070 1802 2246 1851 canale
2296 1799 2383 1863 (ἕ.
2424 1801 2535 1861 11.)

241 1879 416 1922 exstat.

170 1969 221 2022 4.
299 1956 369 2001 Os
403 1950 824 2011 incerparlemle
859 1949 931 2012 (H
951 1954 1039 2016 ω).

239 2027 450 2072 Praeter
485 2022 618 2067 haec
654 2036 809 2084 supra
845 2018 900 2067 in
925 2017 1086 2068 latere
1127 2021 1294 2068 cranii
1330 2033 1579 2085 apparetg

171 2122 223 2175 ς,
303 2109 375 2154 Os
408 2101 770 2152 mascoideum
809 2104 983 2168 (10⁶),
1045 2107 1188 2153 cuius
1226 2104 1418 2152 lamina
1454 2110 1697 2171 superior
1732 2110 1887 2172 plane
1925 2103 2080 2153 habet
2112 2115 2421 2157 structuram
2466 2126 2545 2158 os-

242 2176 378 2223 sium
417 2181 864 2231 enumeratorum,
924 2190 1087 2238 quum
1119 2189 1235 2237 pars
1271 2171 1517 2231 inferior,
1586 2191 1721 2240 quae
1759 2173 1989 2223 canalem
2024 2190 2122 2238 pro
2162 2191 2286 2225 arcu
2320 2180 2546 2225 semicir-

240 2243 400 2290 culari
440 2240 740 2288 horizontali
778 2243 1040 2299 continet,
1100 2249 1354 2290 structura
1390 2235 1563 2290 similis
1601 2244 1665 2290 sit
1711 2243 1910 2291 ossibus
1954 2240 2119 2290 cranii
2155 2260 2308 2307 supra
2346 2244 2418 2308 (§.
2458 2247 2538 2309 ς.)

240 2309 529 2372 descriptis.
604 2308 703 2353 Cui
739 2308 818 2356 rei
852 2308 983 2355 illud
1023 2312 1296 2364 convenit,
1358 2311 1506 2374 quod
1553 2314 1696 2374 prius
1744 2311 1850 2357 duo
1901 2325 2007 2356 ossa
2055 2320 2288 2373 separata
2331 2313 2537 2370 format,

235 2378 291 2426 id
326 2377 465 2442 quod
507 2374 640 2422 clare
679 2377 733 2423 in
769 2378 915 2424 Lucii
954 2374 1129 2424 cranio
1167 2375 1406 2423 duorum*
1432 2377 1682 2442 pollicum
1719 2394 1776 2426 ac
1821 2378 2021 2424 dimidii
2063 2379 2317 2442 perspexi.
2403 2382 2537 2429 Nam

239 2462 402 2510 quum
448 2453 615 2489 totum
663 2457 720 2490 os
770 2443 1035 2492 absolvere
1081 2453 1362 2502 tentarem,
1425 2449 1665 2510 superior
1710 2455 1913 2493 tantum
1961 2445 2152 2492 lamina
2201 2446 2533 2510 sequebatur.

241 2516 491 2562 Ceterum
529 2509 657 2557 mihi
692 2520 875 2558 notatu
913 2511 1130 2576 dignum,
1164 2511 1393 2569 videtur,
1445 2511 1674 2561 canalem
1713 2512 1856 2559 illum
1899 2522 2185 2559 extrorsum
2225 2518 2369 2577 quasi
2409 2533 2538 2580 quo·

241 2583 358 2631 dam
395 2576 648 2625 foramine
684 2582 767 2625 vel
804 2578 975 2627 fissura
1017 2579 1227 2643 aperiri,
1297 2580 1568 2630 Rimamne
1606 2578 1732 2628 haec
1769 2581 1969 2628 Glaseri
2003 2579 2195 2628 refert?
2227 2607 2296 2616 -

308 2643 626 2696 Dubitabam
663 2655 862 2706 autem,
921 2658 1091 2693 utrum
1132 2647 1233 2695 hoc
1266 2662 1320 2693 os
1357 2647 1412 2695 in
1443 2650 1542 2697 hac
1579 2647 1637 2712 §,
1690 2666 1755 2695 an
1789 2650 1844 2697 in
1883 2646 2119 2713 sequenti
2157 2663 2533 2712 proponerem.

239 2716 510 2781 Optimum
548 2712 760 2762 fortasse
797 2725 905 2761 erat
941 2715 1065 2761 duas
1104 2718 1212 2763 eius
1250 2724 1423 2778 partes
1460 2717 1652 2774 facere,
1700 2718 2000 2764 laminarem
2039 2731 2223 2769 unam,
2278 2719 2538 2766 arcualem

244 2802 281 2835 s,
311 2782 617 2831 auditoriam
648 2782 875 2840 alteram,
926 2796 1139 2846 quarum
1176 2781 1321 2830 illam
1355 2783 1434 2830 his
1472 2785 1667 2833 ossibus
1707 2786 2118 2842 adnumerarem,
2166 2782 2301 2830 hanc
2336 2785 2538 2835 ossibus

243 2852 405 2899 cranii
436 2848 731 2896 lateralibus
770 2867 863 2896 suo
900 2849 1015 2897 loco
1056 2850 1203 2911 (vide
1226 2851 1361 2899 infra
1386 2851 1431 2917 ἕ.
1450 2864 1506 2917 15
1528 2855 1662 2919 NB.)
1700 2853 2063 2919 adiungerem,
2123 2851 2227 2900 Sed
2250 2850 2379 2900 haec
2402 2855 2535 2903 ratio

238 2919 369 2967 mihi
404 2917 666 2980 aliquanto
705 2918 972 2966 videbatur
1012 2920 1273 2969 audacior.

2365 3023 2404 3088 S
2454 3039 2532 3090 14.
