2643 3292
88 92 127 147 6
1142 107 1454 131 ...ο-...-

260 222 448 290 Quum
487 238 611 272 vero
650 223 836 272 multis
873 232 923 272 et
960 226 1254 274 necessariis
1301 226 1523 290 negotiis
1562 225 1819 275 districtus
1875 228 1932 275 in
1967 227 2161 277 litteras
2197 241 2346 276 mere
2378 226 2513 292 phy-

85 302 207 348 sicas
243 311 354 345 non
393 304 604 340 tantum
643 305 904 358 quantum
943 295 1138 343 vellem
1174 294 1413 344 studium
1452 296 1759 358 impendere
1797 299 2098 362 potuerim,
2134 299 2284 362 aequi
2320 299 2514 344 iudices

85 385 183 419 nec
220 365 477 416 omnium
516 365 715 411 ossium
753 366 928 429 capitis
966 366 1194 428 piscium
1230 364 1525 413 absolutam
1564 365 1968 428 explicationem
2005 384 2100 415 nec
2137 368 2408 432 propriam
2446 367 2509 414 de

86 449 243 497 certo,
280 435 343 482 ad
378 448 541 497 quem
579 433 761 481 referri
796 434 1044 496 debeant,
1120 435 1487 484 vertebrarunl
1524 449 1753 483 numero
1790 438 2105 485 sententiam
2142 452 2170 482 a
2207 453 2297 484 nie
2336 450 2516 500 exspe-

87 508 333 566 ctabunt:
385 518 445 552 eo
485 504 684 563 minus,
724 519 898 567 quum
937 507 1095 552 etiam
1133 506 1395 571 zoologiae
1432 504 1715 569 principes,
1790 503 1980 553 Oken⁵
2023 507 2076 567 ),
2147 501 2424 569 Bojanus‘5
2464 504 2511 566 ),

85 572 336 625 Goethe⁷
377 573 434 635 )‚
487 568 736 621 Fischer⁸
774 571 830 635 )‚
885 571 1056 638 Spix,9
1095 575 1151 636 ),
1204 575 1321 635 alii,
1358 575 1441 622 de
1478 574 1751 636 utriusque
1788 576 1863 622 rei
1900 567 2201 623 difficultate
2241 575 2511 639 conquesti

84 648 216 695 sint:
256 658 522 708 quan'ique
552 643 723 690 multa
759 645 816 689 in
855 644 955 692 hoc
991 659 1182 710 genere
1219 642 1340 691 falsa
1375 644 1459 691 vel
1496 644 1650 707 Spix,
1707 642 1969 706 Geoffmy,
2007 644 2218 705 Cuvier,
2269 645 2352 692 alii
2391 658 2512 706 pro-

84 714 329 774 tulerint,
388 714 504 760 satis
540 714 595 760 in
635 713 762 760 Iside
777 712 827 773 *)
867 714 1168 778 aliasque‘*)
1219 716 1642 762 demonstratum
1680 714 1759 759 sit.
1850 713 1995 759 Nam
2022 715 2272 777 *quamvis
2308 715 2366 759 in
2406 714 2513 775 ipsa

85 797 274 834 natura
315 784 550 846 positum
588 783 850 835 videatur,
888 784 944 830 in
983 786 1181 844 cranio,
1221 796 1532 850 tegui'nento
1571 782 1863 846 encephali,
1902 783 2043 846 quod
2081 793 2155 830 est
2191 784 2513 841 continuata,

92 852 184 903 sed
219 854 385 918 magis
424 852 624 900 exculta
664 852 895 905 medulla
934 855 1161 916 spinalis,
1202 855 1481 901 columnae
1520 853 1818 900 vertebralis
1855 862 2177 899 structuram
2215 852 2511 916 explicatio-

87 938 208 974 rem
241 917 440 983 referri,
521 925 866 988 quamvisque
905 923 1005 971 hoc
1041 925 1170 972 clare
1210 926 1266 972 in
1306 924 1410 972 basi
1448 924 1606 970 cranii
1643 922 2029 970 nonnullorum
2071 922 2391 969 animalium
2425 937 2514 968 ex-

88 994 257 1058 primi
292 993 556 1052 videatur,
630 1004 812 1040 tamen
845 994 984 1040 mihi
1021 1010 1150 1043 cum
1208 994 1432 1042 Goethio
1457 992 1541 1054 ¹⁰)
1592 1008 1901 1057 persuasum
1939 1002 2041 1052 est,
2115 992 2211 1040 etsi
2246 992 2514 1057 ingeniosa

86 1063 261 1112 multa
297 1072 359 1111 ets
384 1062 669 1126 probabilia
704 1073 905 1126 praeter
943 1079 1028 1120 ea,
1099 1081 1229 1129 quae
1276 1064 1338 1110 ad
1374 1066 1646 1112 scientiam
1684 1064 1852 1127 ipsam
1891 1061 2328 1127 amplificandanr
2353 1061 2513 1126 perti-

85 1144 253 1194 nent,
307 1131 613 1198 craniologia
652 1133 739 1179 illa
773 1147 920 1180 nunc
957 1143 1226 1199 tantopere
1265 1134 1513 1182 celebrata
1551 1133 1746 1198 prolata
1789 1135 1918 1194 sint,
1971 1143 2153 1179 tamen
2187 1132 2328 1196 quod
2363 1133 2419 1178 in
2457 1145 2515 1177 ea

87 1204 355 1251 ultimum
393 1212 466 1249 est
504 1213 657 1266 atque
696 1213 1021 1264 extremum,
1058 1220 1155 1253 nos
1192 1220 1470 1268 nunquam
1510 1218 1654 1268 posse
1692 1203 1905 1269 assequi.
1995 1200 2115 1264 Cui,
2153 1202 2247 1249 ubi
2283 1203 2337 1248 in
2378 1199 2515 1248 Oke-

84 1275 164 1322 nii
198 1272 524 1337 philosophia
561 1273 866 1339 osteologica
906 1273 1474 1337 (Bein-Philosophie)
1528 1272 1802 1320 brachium
1870 1273 2105 1334 hominis
2143 1271 2372 1318 humero
2406 1272 2512 1317 avis

86 1344 360 1408 appictum
383 1341 690 1403 videritn),
719 1358 832 1390 non
853 1354 1087 1391 occurrat
1106 1345 1237 1391 illud
1264 1345 1471 1407 poetae:
1510 1344 1767 1392 Humano
1799 1341 2021 1406 capiti?
2041 1367 2111 1377 —-
2147 1341 2290 1388 Nam
2323 1356 2513 1405 quam-

85 1415 166 1462 vis
210 1423 261 1461 et
296 1423 675 1461 commentum
711 1411 870 1473 illud,
923 1415 1086 1461 varias
1141 1416 1302 1462 totius
1335 1414 1567 1478 corporis
1603 1411 1899 1460 functiones
1936 1414 1993 1459 in
2031 1412 2194 1477 capite
2232 1422 2282 1458 et
2319 1411 2510 1459 eodem

87 1483 307 1548 quidem
345 1482 528 1530 ordine
566 1484 746 1546 repeti,
784 1484 1124 1548 ingeniosum
1163 1494 1262 1541 est;
1300 1493 1484 1531 tamen
1522 1482 1674 1532 Oken
1711 1492 1763 1530 et
1799 1484 1891 1546 qui
1927 1482 1989 1529 ab
2029 1498 2088 1530 eo
2127 1481 2346 1546 prefecti
2382 1490 2509 1528 sunt

86 1554 144 1600 in
194 1568 298 1601 una
339 1551 446 1603 fere
486 1554 720 1600 vertebra
763 1554 939 1617 capitis
974 1553 1027 1600 id
1063 1553 1571 1613 invenirevoluere,
1643 1551 1783 1616 quod
1821 1554 1877 1599 in
1913 1563 2100 1600 trunco
2137 1553 2373 1616 longiore
2394 1566 2512 1597 ver-

86 1622 364 1672 tebrarum
400 1624 527 1670 serie
564 1621 787 1670 efficitur
807 1640 823 1679 ,-
883 1639 928 1672 e.
961 1639 1011 1689 g.
1060 1635 1227 1688 partes
1264 1625 1666 1672 extremitatum
1703 1623 2032 1687 superiorum
2068 1633 2120 1670 et
2155 1622 2509 1669 inferiorum:

89 1694 326 1741 minime
366 1693 623 1739 omnium
662 1692 898 1739 hominis
937 1696 1292 1743 extremitates
1327 1695 1385 1740 in
1423 1694 1586 1756 capite
1622 1692 1751 1739 alius
1789 1692 2060 1753 animalis,
2166 1693 2316 1755 piscis
2367 1705 2508 1755 prae-

86 1764 289 1822 sertim,
329 1760 561 1825 quaeras!
635 1762 899 1828 Equidem
939 1763 1183 1829 analogiis
1221 1763 1593 1829 investigandis
1630 1763 1861 1810 minime
1902 1763 2152 1810 inimicus
2189 1777 2329 1821 sum,
2385 1775 2509 1824 quas

90 1849 188 1880 nec
224 1834 332 1896 ipse
368 1833 426 1881 in
462 1832 556 1879 hac
592 1834 963 1894 dissertatione,
1000 1832 1094 1880 ubi
1130 1844 1315 1898 sponte
1352 1848 1517 1898 paene
1549 1847 1601 1879 se
1643 1832 1969 1893 obtulerunt,
2008 1832 2304 1896 repudiavi;
2345 1832 2431 1878 sed
2468 1831 2510 1878 si

92 1905 207 1969 quIs
243 1912 491 1951 naturam
529 1900 655 1950 velit
691 1902 908 1950 fideliter
943 1905 1120 1968 sequi,
1175 1905 1217 1951 is
1272 1919 1385 1950 non
1444 1913 1655 1951 tantum
1706 1905 1845 1949 varia
1883 1904 2064 1949 onmia
2099 1902 2196 1949 sub
2233 1917 2344 1949 uno
2382 1915 2511 1964 quo-

86 1973 211 2021 dam
250 1983 530 2036 conspectu
566 1987 761 2038 ponere
799 1970 1037 2035 conetur,
1090 1973 1177 2020 sed
1212 1975 1379 2030 *etiam
1419 1974 1572 2032 (nam
1608 1970 1679 2019 sie
1714 1972 1821 2036 ipsa
1858 1973 1987 2038 agit)
2044 1971 2212 2019 finem
2249 1971 2508 2036 teleologi-

88 2059 252 2103 cum,
303 2057 412 2106 quo
472 2058 690 2092 summa
752 2044 991 2091 creatoris
1040 2043 1386 2092 admiratione
1422 2043 1712 2103 afficimur,
1766 2057 1975 2107 semper
2010 2043 2262 2106 respiciat.
2335 2041 2417 2090 Sic
2453 2043 2510 2088 in

86 2113 346 2178 piscibus,
382 2121 444 2158 ut
477 2124 615 2161 recte
647 2113 942 2162 observavit
980 2107 1141 2161 Carus
1163 2110 1264 2174 ¹²),
1302 2129 1476 2178 quum
1515 2111 1699 2160 thorax
1737 2114 1880 2176 quasi
1918 2112 2092 2175 capitis
2129 2126 2244 2176 pars
2279 2113 2362 2173 sit,
2396 2113 2507 2159 eius

85 2194 345 2230 structura
404 2183 567 2230 etiam
604 2183 729 2231 huic
782 2182 857 2229 rei
893 2184 1210 2231 conveniens
1248 2199 1353 2231 esse
1391 2182 1630 2234 debebat.
1707 2177 2042 2244 Bojanu513)
2081 2197 2206 2229 vero
2245 2192 2296 2230 et
2334 2182 2509 2231 Blain-

89 2252 210 2301 ville
231 2250 314 2314 ¹4>
350 2252 747 2321 etsissingeniose
781 2267 839 2303 ac
875 2263 1093 2303 naturae
1130 2254 1506 2303 convenienter
1541 2252 1805 2317 operculas
1841 2251 2158 2301 branchiales
2192 2263 2360 2318 partes
2398 2268 2510 2298 ma-

1644 2319 1653 2331 '
2359 2322 2509 2370 xillae

142 2553 194 2609 5)
229 2555 292 2597 cf.
333 2552 446 2595 Isid.
484 2556 597 2599 1818
624 2550 735 2595 Vol.
770 2554 810 2600 Ι,
867 2567 913 2608 p.
951 2557 1052 2602 512.
1114 2550 1166 2609 6)
1204 2551 1268 2594 cf.
1303 2550 1555 2607 Pcrergon
1590 2549 1651 2591 ad
1682 2550 1737 2592 L.
1771 2551 1834 2593 H.
1879 2550 2055 2605 Bojani
2098 2554 2377 2594 Anatomen
2408 2558 2504 2592 tes-

256 2610 447 2653 tudinis
483 2616 581 2654 etc.
613 2609 789 2652 Vilnae
822 2617 933 2661 1821
968 2626 1015 2666 p.
1043 2619 1085 2658 3.
1208 2612 1259 2661 7)
1294 2610 1392 2650 Zur
1433 2608 1938 2651 Naturwissensehaft
1975 2609 2281 2664 iiberhaupt‚
2331 2609 2505 2651 beson-

256 2670 365 2711 ders
432 2681 520 2709 zur
550 2667 915 2725 Morphologie.
951 2669 1039 2710 Bd.
1074 2671 1112 2712 Ι.
1151 2670 1214 2710 H.
1246 2673 1289 2716 2.
1325 2681 1374 2722 p.
1410 2670 1506 2714 147.
1538 2680 1608 2721 sq.
1643 2674 1691 2707 et
1720 2682 1766 2722 p-
1803 2671 1906 2716 248.
1940 2683 2009 2724 sq.
2075 2668 2128 2722 8)
2161 2668 2196 2709 1.
2232 2682 2275 2709 e.
2314 2682 2358 2722 p.
2399 2671 2502 2716 214.

275 2729 325 2777 9)
387 2723 421 2767 1·
451 2740 492 2766 c·
526 2739 572 2779 p·
606 2731 677 2773 28·
716 2727 760 2778 §·
795 2733 863 2775 11·
896 2749 955 2757 —
1043 2728 1089 2779 ’ἢ
1125 2732 1234 2776 1817
1267 2740 1314 2781 p.
1351 2729 1448 2778 157-
1486 2726 1612 2788 1204-
1646 2748 1704 2755 —
1768 2730 1880 2772 1818
1927 2730 2030 2769 v01.
2076 2729 2096 2768 1
2146 2742 2195 2781 p.
2230 2731 2314 2773 285
2349 2740 2420 2781 sq.
2452 2740 2500 2781 p.

259 2786 361 2833 499.
396 2804 455 2817 -—-
495 2789 608 2832 1819
639 2785 744 2826 Vol.
778 2785 844 2829 ΙΙ.
879 2799 927 2841 p.
964 2788 1093 2836 1342,
1127 2792 1253 2834 1353,
1293 2788 1420 2831 1360.
1513 2781 1588 2836 Μ)
1627 2784 1688 2823 cf.
1723 2784 1965 2825 Bur-dach.
1999 2788 2034 2829 1.
2070 2801 2093 2827 c
2144 2788 2199 2832 41·
2229 2783 2341 2824 Ber.
2376 2800 2421 2840 p.
2456 2790 2499 2832 9.

256 2845 333 2893 10)
394 2841 428 2882 l.
464 2855 506 2882 c.
539 2855 585 2896 p.
619 2845 718 2890 248.
779 2865 838 2874 --
942 2845 1019 2899 11)
1091 2843 1209 2887 Isid.
1258 2845 1383 2889 1819.
1428 2839 1534 2882 Vol.
1590 2842 1655 2882 II.
1689 2842 1789 2882 tab.
1834 2845 1902 2888 19.
1997 2844 2075 2900 12)
2116 2841 2384 2886 Lehrbuch
2418 2843 2504 2883 der

257 2898 522 3013 ξοῖῗίξιίε
557 2901 669 2958 Lpz.
706 2906 818 2951 1818
856 2901 898 2954 §-
938 2906 1035 2952 164.
1133 2903 1208 2953 13)
1250 2899 1314 2941 Is.
1351 2903 1477 2949 1818.
1513 2899 1617 2942 Vol.
1652 2900 1688 2941 1.
1719 2914 1772 2956 p·
1804 2904 1902 2948 506.
1939 2925 1996 2936 -·
2089 2902 2163 2953 14)
2197 2901 2264 2945 ib.
2298 2901 2404 2944 Vol.
2437 2902 2496 2944 II.
