2705 3277
2460 96 2538 151 23

578 303 1528 406 Curriculum
1642 317 2072 406 vitae.

198 489 227 519 Ἴ

116 488 325 618 Ego,
375 554 744 603 Eduardus
779 555 1083 613 Arendt,
1142 557 1428 605 Borussiae
1463 558 1816 606 occidentalis
1857 556 2147 624 oppidulo,
2212 561 2298 609 cui
2340 576 2533 609 nomen.

120 636 196 670 est
225 621 454 676 Mevae,
499 623 589 669 die
629 637 707 687 17.
741 626 887 688 Aug.
927 643 980 679 a,
1027 638 1183 689 1790,
1240 627 1555 688 patre-iam
1595 643 1664 674 ex
1699 627 1867 673 tribus
1887 630 2016 689 sere
2053 630 2204 688 annis
2240 629 2529 694 deplorato

120 688 352 735 eiusdem
393 692 651 745 nominis,
700 705 905 754 matre,
956 709 1067 757 qua
1100 690 1319 755 gaudeo
1360 695 1568 756 optima
1618 711 1646 739 e
1679 696 1845 758 stirpe
1879 695 2152 748 Leonina,
2202 710 2361 742 natus
2394 713 2531 749 sum,

124 757 302 821 Quum
346 773 509 821 usque
571 757 650 804 ad
694 758 960 806 decimum
1011 760 1215 806 aetatis
1264 776 1465 805 annum
1521 778 1626 827 per
1655 763 1901 826 fratrem
1944 773 2080 806 natu
2130 765 2390 809 maiorem
2435 765 2531 809 vix

108 826 299 888 primis
346 823 630 870 literarum
685 825 998 872 rudimentis
1045 827 1279 873 imbutus
1328 843 1517 881 essem,
1589 828 1718 875 inde
1766 828 1840 873 ab
1889 844 2030 873 anno
2082 832 2212 886 1800
2254 832 2429 892 gratis
2473 832 2531 875 in

114 891 354 937 scholam
401 904 621 938 nostrae
671 894 814 938 urbis
861 904 1105 956 receptus
1148 911 1292 950 sum,
1358 893 1451 940 ubi
1496 893 1603 941 duo
1645 897 1946 961 praecipue
1987 896 2124 950 viri,
2193 914 2323 961 quos
2365 909 2527 960 grato

115 960 295 1002 animo
333 957 620 1013 recordor,
680 958 1098 1014 Wendland,
1150 963 1245 1026 qui
1279 975 1392 1009 tum
1426 961 1651 1009 scholae
1689 962 1775 1010 illi
1804 966 2146 1028 praefectus,
2203 982 2339 1012 nunc
2382 966 2531 1014 Setis«,

113 1024 271 1086 burgi
304 1042 522 1071 munere
556 1043 711 1072 sacro
734 1026 1015 1089 fitngitur,
1075 1028 1568 1094 Reimerusque‘,
1633 1032 1725 1093 qui
1761 1047 1879 1076 cum
1911 1047 1970 1077 eo
2006 1028 2245 1076 scholam
2281 1032 2525 1094 regebat,

112 1093 362 1156 cuiusque
384 1110 523 1138 nunc
540 1106 956 1157 praematuram
979 1106 1207 1141 mortem
1230 1094 1386 1143 doleo
1402 1129 1420 1150 ,
1467 1095 1599 1143 mihi
1635 1097 1880 1143 benevoli
1905 1100 2162 1162 fautores
2195 1101 2527 1151 exstiterunt.

119 1159 326 1221 Quum,
392 1168 684 1225 postquam
746 1163 824 1206 W
834 1159 957 1206 end
971 1162 994 1207 l
1005 1160 1143 1209 aud
1191 1163 1440 1218 abierat,
1499 1175 1625 1228 post
1674 1164 2018 1228 aliquantum
2069 1167 2317 1228 temporis
2360 1183 2530 1212 novus

105 1227 420 1289 praefectus
454 1226 678 1273 scholae
713 1227 1019 1275 advenisset
1028 1249 1055 1283 ,¹
1108 1231 1205 1295 qui
1235 1248 1322 1277 me
1356 1248 1393 1276 a
1421 1234 1673 1293 gratuita
1707 1233 2042 1281 institucione
2078 1231 2332 1286 exclusit,
2386 1234 2529 1280 Rei·

112 1309 324 1337 merus
382 1311 596 1360 quoque
631 1297 870 1359 privatis
913 1308 1125 1343 tantum
1172 1296 1491 1345 lectionibus
1540 1300 1781 1363 linguam
1834 1299 2249 1353 Germanicam,
2300 1300 2534 1347 Franco-

109 1359 374 1420 gallicam
424 1373 476 1407 et
512 1362 774 1408 Latinam
818 1380 906 1409 me
950 1362 1147 1412 docere
1196 1368 1397 1430 potuit.
1483 1370 1563 1417 Et
1600 1384 1762 1431 quum
1798 1367 1894 1414 ille
1930 1384 2143 1433 quoque
2191 1368 2342 1415 initio
2396 1369 2527 1414 anni

100 1430 256 1490 1804
296 1426 377 1473 ad
399 1445 598 1476 novum
636 1447 824 1476 munus
858 1430 1148 1477 ineundum
1165 1435 1444 1498 profectus
1480 1447 1642 1489 esset,
1693 1448 1804 1481 tum
1841 1437 1954 1480 iam
1993 1436 2137 1482 omni
2165 1446 2526 1498 praeceptore

104 1494 277 1560 plane
300 1493 585 1544 destitutus
591 1499 704 1560 sui.
756 1497 863 1544 Sed
899 1500 1046 1545 circa
1081 1497 1227 1547 idem
1261 1498 1466 1565 tempus
1502 1520 1630 1549 casu
1667 1502 1746 1548 acl
1782 1515 1957 1548 artem
1990 1504 2250 1549 musicam
2285 1513 2527 1548 tractan-

111 1561 243 1608 dam
285 1579 370 1607 me
416 1581 533 1610 cum
564 1566 757 1628 fratre
799 1567 1210 1629 convertebam,
1281 1585 1425 1631 quae
1461 1587 1544 1615 res
1590 1582 1641 1616 et
1674 1581 1870 1634 postea
1910 1572 2145 1623 arctius,
2209 1585 2373 1632 quam
2412 1582 2527 1616 tum

112 1630 328 1695 opinari
361 1642 642 1695 poteram,
712 1648 829 1676 cum
872 1631 1173 1679 studiorum
1220 1649 1457 1680 meorum
1505 1639 1722 1683 ratione
1770 1640 2055 1685 coniuncta
2114 1648 2261 1689 erat,
2323 1649 2377 1683 et
2422 1636 2520 1682 illo

111 1710 350 1762 tempore
388 1715 447 1744 eo
488 1711 608 1744 erat
655 1699 882 1744 maximi
918 1703 1202 1755 momenti,
1265 1700 1413 1765 quod
1459 1716 1512 1750 et
1556 1705 1710 1752 nobis
1761 1718 1813 1752 et
1841 1704 2180 1771 pauperibus
2208 1704 2526 1768 parentibus

112 1778 163 1812 et
210 1767 614 1827 consanguineis
660 1768 862 1811 victum
904 1767 1173 1830 parabat.

240 1832 517 1879 Autumno
570 1835 702 1879 anni
738 1836 868 1890 1810
913 1835 1319 1897 Regiomontum
1360 1855 1447 1885 me
1492 1839 1722 1893 contuli,
1804 1839 1896 1886 ubi
1939 1856 1975 1885 a
2016 1838 2305 1885 Directore
2354 1836 2523 1903 Gym-

109 1903 250 1947 nasii
273 1899 631 1947 Ridericiani
671 1900 1047 1957 Gotthold,
1106 1905 1225 1950 viro
1270 1906 1597 1960 clarissimo,
1646 1908 1704 1952 in
1739 1910 1963 1953 tertium
2005 1904 2246 1952 ordinem
2281 1918 2523 1968 receptus

106 1986 250 2023 sum,
317 1984 480 2033 quum
525 1968 625 2014 ille
672 1971 845 2030 magis
891 1982 1136 2017 aetatem
1186 1970 1445 2021 adultam
1501 1986 1554 2020 et
1599 1974 1969 2029 voluntatem,
2033 1975 2196 2038 quam
2243 1972 2522 2020 scientiam

106 2053 286 2082 meam
323 2036 627 2099 respiceret.
696 2036 886 2098 Atque
920 2049 978 2083 ut
1011 2038 1101 2085 hic
1133 2040 1223 2084 vir
1257 2052 1311 2086 et
1347 2053 1460 2087 tum
1499 2054 1552 2087 et
1581 2054 1777 2105 postea
1813 2058 2016 2104 magna
2058 2057 2175 2087 cum
2211 2042 2525 2087 benevolen-

105 2107 187 2152 tia
228 2115 397 2168 atque
437 2102 782 2149 humanitate
816 2104 972 2150 rebus
1007 2107 1137 2152 meis
1160 2107 1439 2170 providit,
1507 2111 1584 2155 sic
1621 2108 1859 2173 reliquos
1909 2111 2075 2154 etiam
2103 2121 2516 2172 praeceptores,

107 2188 333 2236 quorum
371 2172 428 2215 in
461 2171 565 2217 hoc
614 2169 915 2234 Gymnasio
953 2173 1193 2235 fruebar
1226 2172 1592 2229 institutione,
1653 2175 1842 2222 doctos
1879 2194 2054 2241 aeque
2098 2193 2165 2222 ac
2203 2176 2516 2228 benevolos,

100 2255 310 2304 semper
330 2249 491 2300 grato
528 2239 708 2284 animo
747 2237 1099 2291 recordabor.
1176 2240 1430 2305 Quatuor
1466 2255 1577 2289 tum
1596 2246 1767 2303 >annis
1791 2261 1860 2290 ac
1883 2242 2109 2289 dimidio
2134 2244 2522 2307 praeterlapsis

104 2324 279 2354 mense
328 2306 530 2353 Martis
584 2322 636 2358 a,
698 2309 846 2364 1815,
909 2306 982 2352 ab
1037 2325 1150 2358 exc,
1212 2310 1296 2355 W
1297 2309 1487 2364 rede,
1557 2323 1669 2357 tum
1716 2313 1835 2357 vice
1868 2313 2201 2358 Prorectoris
2236 2309 2524 2372 Afagnzfici

106 2374 305 2420 mortui
359 2371 653 2419 PVedelie
679 2375 977 2436 fungente,
1026 2372 1378 2424 Academiae
1413 2378 1742 2428 Albertinae
1779 2379 2004 2436 civibus,
2062 2391 2114 2424 et
2152 2396 2187 2423 a
2225 2380 2342 2425 viro
2377 2396 2524 2442 spec-

107 2440 270 2488 tabili
304 2441 613 2492 Remero,
661 2442 963 2504 facultatis
999 2442 1247 2493 medicae
1288 2456 1328 2498 t.
1354 2457 1395 2498 t.
1477 2447 1737 2508 Decauo,
1786 2447 1942 2494 huius
1979 2444 2183 2493 ordinis
2216 2449 2373 2494 sociis
2404 2462 2524 2492 uza-
2572 2466 2582 2469 >

105 2522 254 2557 turus
299 2506 605 2569 adscriptus
654 2524 786 2559 sum.

239 2572 552 2622 Studiorum
590 2591 715 2621 vero
757 2576 1196 2626 academicorum
1241 2579 1382 2626 haec
1404 2579 1525 2645 ficit
1562 2581 1728 2631 ratio,
1800 2581 2178 2645 ‘Philologiam
2222 2578 2519 2627 docuerunt

105 2660 249 2693 exce.
285 2640 556 2688 Lobeck
604 2653 656 2687 et
690 2643 1126 2700 Delbrueclr,
1190 2647 1520 2694 rhetoricam
1565 2647 1771 2707 idem,
1829 2652 2250 2712 grammaticam
2283 2647 2519 2712 philoso-

94 2713 317 2777 phicam
377 2707 629 2758 celeberr.
690 2710 937 2766 Vater,
1013 2713 1419 2778 philosophiam
1475 2731 1592 2767 exc,
1651 2717 1992 2772 Herbart,
2068 2717 2346 2762 historiam
2402 2731 2517 2766 exc.

101 2783 161 2827 H
168 2796 197 2823 u
215 2778 304 2825 ell
315 2792 507 2822 maun
520 2809 538 2828 ,
603 2775 918 2841 physicam,
991 2783 1257 2827 chemiam
1316 2784 1795 2846 experimentalem
1865 2797 1918 2830 et
1974 2784 2514 2849 pharmaceuticam,

101 2845 512 2906 mineralogiam
551 2861 663 2896 exc.
699 2847 962 2907 Iiagen,
1028 2848 1315 2896 botanicen
1353 2849 1534 2896 idem
1584 2863 1637 2897 et
1676 2867 1788 2898 exc.
1834 2853 2293 2913 Schweigger›
2354 2866 2519 2914 prae·

107 2926 330 2962 matura
374 2924 549 2959 morte
597 2925 649 2960 et
684 2913 855 2962 literis
903 2927 954 2964 ct
991 2915 1324 2980 gratitudini
1365 2934 1522 2967 meae
1559 2931 1799 2984 ereptus,
1875 2920 2179 2984 zoologiam
2217 2916 2400 2967 idem
2473 2928 2524 2964 ιι·

2391 3001 2517 3054 exp·
