2705 3277
594 546 2020 662 Prooemium.

106 803 370 917 Aestate
408 871 533 918 anni
570 867 942 920 MDCCCXVI
979 867 1105 916 ordo
1141 869 1396 934 gratiosus
1432 868 1787 918 medicorum‘
1810 870 1865 918 in
1903 865 2185 916 Academia
2221 880 2393 919 nostra
2431 885 2518 919 ex.

111 942 448 1007 plicationem
488 957 810 1006 organorum
862 939 1208 1001 respirationis
1244 941 1471 1003 piscium
1510 941 1572 988 ad
1610 951 1877 988 certamen
1915 937 2192 1002 publicum
2230 942 2520 1004 proposuit.

113 1012 302 1080 Quum
338 1011 564 1057 vixdum
600 1012 786 1075 primis
833 1009 1130 1056 litterarum
1178 1010 1512 1057 medicarum
1561 1010 1879 1058 rudimentis
1914 1008 2189 1067 imbutus,
2223 1012 2521 1057 zootomiae

111 1093 163 1133 et
198 1081 458 1146 zoologiae
495 1080 602 1128 fere
638 1082 844 1145 ignarus
881 1078 1129 1141 librisque
1163 1080 1455 1126 necessariis
1493 1079 1770 1127 destitutus
1808 1094 1998 1145 organa
2039 1078 2124 1124 illa
2161 1079 2216 1123 in
2238 1081 2393 1127 Esoce
2414 1081 2522 1126 Lu-

111 1152 188 1199 cio
248 1160 300 1197 et
355 1149 585 1213 Cyprino
626 1150 882 1213 Carpione
920 1148 1058 1195 mihi
1095 1149 1460 1211 perscrutanda
1496 1151 1877 1213 sumpsissem,
1932 1163 2062 1194 mox
2101 1148 2365 1210 intellexi,
2421 1150 2520 1195 hoc

108 1231 322 1285 propter
359 1221 540 1267 minus
576 1230 868 1266 accuratam
903 1219 1176 1267 scientiam
1212 1220 1447 1283 partium
1487 1221 1806 1281 vicinarum,
1862 1218 2036 1281 capitis
2074 1217 2316 1276 maxime,
2380 1218 2520 1264 haud

109 1292 224 1338 satis
263 1290 554 1354 procedere.
637 1290 787 1337 Tum.
824 1304 964 1336 anno
1000 1290 1298 1351 insequenti
1335 1289 1460 1337 ordo
1495 1291 1754 1352 permisit,
1804 1299 1865 1336 ut
1902 1287 2018 1346 sibi,
2071 1287 2163 1349 qui
2198 1288 2370 1345 vellet,
2407 1303 2521 1350 par-

54 1362 60 1367 '
107 1373 221 1408 tem
258 1360 486 1423 aliquam
522 1360 780 1424 piscium,
835 1374 966 1423 quae
1001 1359 1216 1407 maioris
1251 1358 1516 1407 videretur
1552 1361 1848 1419 momenti,
1901 1355 2264 1404 illustrandam
2300 1355 2522 1421 eligeret.

106 1432 177 1479 Ut
213 1431 389 1496 igitur,
425 1429 564 1493 quod
598 1430 770 1492 priore
806 1444 946 1476 anno
979 1436 1323 1489 tentaveram,
1370 1430 1562 1476 melius
1599 1445 1655 1476 ac
1690 1428 1998 1476 laudabilius
2018 1426 2272 1487 evaderet,
2312 1427 2368 1473 in
2388 1437 2523 1475 stru-

109 1512 315 1549 cturam
350 1500 530 1562 capitis
566 1499 779 1545 illarum
819 1499 1049 1545 duarum
1088 1500 1380 1562 specierum
1420 1501 1704 1546 accuratius
1750 1499 2016 1562 inquirere
2055 1497 2235 1559 coepi,
2307 1497 2363 1542 in
2417 1510 2521 1558 quo

109 1586 262 1635 opere
299 1570 409 1616 iam
447 1583 520 1628 ea,
558 1584 688 1631 quae
724 1567 785 1614 ad
823 1567 1164 1633 osteologiam
1198 1570 1538 1632 pertinerent,
1576 1578 1686 1615 tam
1725 1569 1888 1615 multa
1923 1566 2281 1631 praebuerunt
2315 1579 2524 1611 memo-

109 1641 304 1699 rabilia,
342 1649 403 1685 ut
439 1638 543 1685 sola
582 1648 811 1684 accurata
849 1638 1192 1701 descriptione
1229 1637 1381 1702 digna
1408 1639 1742 1686 viderentur.
1814 1638 1998 1685 Libros
2035 1651 2163 1683 cum
2204 1651 2357 1700 opere
2396 1649 2521 1680 meo

111 1713 414 1758 coniunctos
454 1719 575 1754 tum
611 1707 854 1754 adhibere
892 1716 1158 1771 poteram:
1197 1706 1413 1755 Cuvieri
1449 1709 1777 1756 anatomiam
1815 1718 2208 1771 comparatam,
2267 1704 2523 1752 Blumen-

106 1781 277 1828 bachii
335 1777 688 1826 enchiridium
745 1777 982 1825 eiusdem
1036 1779 1338 1843 argumenti
1379 1787 1429 1826 et
1476 1778 1803 1826 Rosenthalii
1840 1777 2036 1825 tabulas
2072 1775 2522 1836 ichthyotomicas.

108 1851 205 1900 Sed
242 1850 487 1914 primum
524 1863 654 1911 opus
691 1857 889 1894 constat
938 1848 999 1895 de
1055 1858 1312 1895 structura
1369 1850 1528 1897 cranii
1557 1849 1783 1913 piscium
1821 1849 2046 1896 omnino
2084 1844 2255 1893 nihil¹
2297 1845 2320 1906 )
2360 1845 2523 1891 conti-

108 1937 250 1982 nere,
289 1919 350 1966 de
390 1918 566 1965 ceteris
606 1917 803 1965 ossibus
841 1919 1015 1982 capitis
1053 1917 1224 1966 multa
1261 1919 1486 1979 incerta,
1523 1920 1774 1983 impedita
1812 1930 1964 1982 atque
2002 1919 2165 1965 etiam
2203 1916 2318 1962 falsa
2355 1913 2522 1978 prola·-

107 2003 158 2039 ta
197 2005 325 2038 esse:
362 1988 414 2035 id
453 1987 592 2052 quod
630 1989 738 2034 iam
776 1986 1023 2052 Spixius2
1065 1987 1090 2050 )
1132 1988 1374 2036 ostendit.
1455 1987 1863 2036 Blumenbachii
1921 2003 2043 2036 vero
2105 2001 2235 2050 opus
2271 1985 2331 2031 de
2367 1984 2522 2031 rebus

107 2059 433 2128 generali'uus
471 2068 685 2104 tantum
724 2059 924 2105 consuli
953 2068 1136 2122 potest.
1226 2053 1312 2106 Sic
1348 2058 1717 2106 Rosenthalius
1750 2060 1937 2106 unicus
1977 2058 2092 2114 fuit,
2155 2057 2239 2102 cui
2275 2054 2394 2102 fides
2434 2053 2522 2100 de-

107 2132 344 2189 bebatur,
403 2128 508 2174 dux
546 2130 604 2174 in
645 2128 722 2174 via
761 2127 985 2188 difficili,
1034 2128 1312 2192 paucisque
1351 2139 1471 2176 ante
1510 2144 1640 2176 eum
1679 2123 1900 2176 calcata³
1940 2124 1985 2187 )
2080 2127 2256 2189 Itaque
2292 2134 2521 2171 accurata

107 2213 260 2266 atque
298 2199 543 2246 continua
581 2199 990 2251 perscrutatione
1025 2198 1175 2262 plura
1213 2213 1343 2262 quae
1382 2209 1550 2245 essent
1586 2199 1965 2263 praetermissa,
2013 2195 2213 2255 addere,
2261 2210 2389 2259 quae
2428 2193 2521 2240 ob-

108 2288 270 2331 scura,
309 2269 563 2316 illustrare
600 2266 889 2331 poteram⁴
923 2268 961 2328 ).
1057 2266 1199 2315 Ordo
1256 2268 1594 2316 medicorum
1648 2285 1820 2332 quum
1859 2267 1960 2314 hoc
1996 2265 2312 2329 opusculum
2355 2264 2521 2328 pretio

108 2343 334 2409 dignum
372 2338 675 2397 iudicasset,
732 2337 866 2385 hanc
923 2337 1146 2385 eandem
1183 2354 1302 2385 rem
1336 2349 1399 2386 ut
1435 2339 1710 2403 aliquando
1748 2341 1804 2386 in
1844 2337 2196 2385 dissertatione
2233 2333 2522 2400 inaugurali

104 2422 380 2461 tractarem
418 2408 636 2472 optabat.
710 2407 824 2455 Hoc
859 2409 1020 2473 igitur
1055 2407 1189 2455 dum
1229 2408 1388 2471 facio,
1435 2409 1487 2455 id
1525 2419 1739 2456 tantum
1775 2410 1833 2455 in
1869 2408 2004 2457 votis
2039 2405 2233 2465 habeo,
2281 2415 2341 2451 ut
2377 2419 2522 2450 nunc

104 2481 295 2547 aliquid
332 2478 604 2544 protulisse
641 2477 840 2539 videar,
889 2477 1028 2542 quod
1062 2488 1180 2542 post
1217 2488 1317 2539 tot,
1377 2494 1508 2543 quae
1543 2479 1623 2528 his
1659 2480 1807 2526 annis
1845 2478 1908 2529 de
1946 2475 2128 2526 eadem
2167 2490 2220 2524 re
2256 2477 2312 2523 in
2350 2474 2523 2539 publi-

107 2569 234 2601 cum
275 2549 529 2617 prodiere,
566 2548 943 2597 dissertatione-s
981 2563 1036 2596 ac
1071 2548 1251 2611 libros,
1285 2549 1456 2617 legere
1483 2566 1596 2600 non
1634 2550 1849 2602 taedeat,

2334 2615 2523 2682 Quum

164 2789 212 2839 1)
247 2783 477 2827 Cuvier
505 2780 694 2824 Vorles.
735 2778 857 2823 iiber
900 2781 1049 2838 vergi.
1095 2783 1265 2835 Anat„
1330 2779 1774 2829 fibers.v.Mecke1,
1812 2781 1929 2836 Lpz.
1965 2785 2092 2830 1809.
2142 2777 2252 2821 Thl.
2278 2778 2340 2820 ΙΙ.
2373 2792 2420 2834 p.
2446 2783 2520 2826 32.

275 2845 325 2892 2)
361 2843 423 2882 cf.
463 2839 889 2894 Cephalogenesis.
922 2841 1159 2881 Monach.
1195 2847 1323 2890 1815.
1369 2843 1454 2884 fol.
1489 2841 1532 2892 §.
1570 2845 1639 2888 11.
1679 2854 1724 2894 p.
1757 2845 1828 2888 29.
1891 2838 1942 2893 5)
1977 2841 2034 2880 cf.
2075 2838 2245 2880 Gotth.
2283 2835 2521 2880 Fischer's

274 2897 477 2941 naturh.
509 2900 701 2953 Fragm.
739 2897 966 2945 1801.Bd.
1001 2899 1038 2938 I.
1075 2912 1121 2954 p·
1155 2902 1258 2948 214.
1319 2900 1373 2954 4)
1409 2902 1471 2941 cf.
1508 2895 1756 2939 Burdach.
1789 2894 2027 2939 Berichte
2062 2911 2159 2939 von
2203 2897 2289 2938 der
2319 2893 2519 2950 Konigl.

275 2962 408 3001 anat·
443 2956 644 3000 Anstalt
674 2970 736 3000 zu
757 2955 1082 3016 Konigsberg.
1117 2957 1227 3002 Ber.
1261 2959 1299 3002 1.
1330 2973 1379 3015 p·
1414 2964 1484 3010 11>
1520 2956 1606 3000 ubi
1638 2970 1665 2996 a
1699 2968 1778 2997 me
1809 2963 1918 2999 tum
1951 2954 2155 2998 inventa
2184 2961 2356 2997 notata
2388 2960 2519 2995 sunt.
