2705 3277
1149 99 1457 126 -------
2419 91 2488 150 11

83 228 212 275 lares
260 241 362 272 una
414 235 569 286 supra
616 218 825 267 alteram
859 215 1302 281 'proficiscuntur,
1364 216 1495 279 qfiae
1529 213 1878 279 peripheriam
1926 218 2095 266 ‘versus
2144 216 2284 267 nune
2323 223 2495 283 magis,

74 304 225 342 hunc
264 295 449 346 minuS,
491 287 792 352 quibusdam
831 290 980 333 etiam
1019 289 1085 333 in·
1109 285 1233 331 locis
1271 287 1485 330 omnino
1512 299 1633 329 non
1670 284 1974 346 divergunt,
2033 287 2117 332 sed
2158 291 2211 333 in
2247 291 2372 335 linea
2413 292 2500 334 afli-

10 364 15 368 ’
87 378 188 423 qua
226 362 304 408 vel
342 360 552 422 planitie
587 354 884 403 immediate
919 369 1027 400 sese
1067 353 1325 415 attingere
1363 350 1619 398 videntur.
1690 349 1813 403 Illa,
1865 367 2017 414 quam
2056 354 2184 409 dixi,
2234 355 2500 415 divergen.

86 440 152 473 tia
202 430 258 474 in
305 427 536 487 margine
587 421 768 469 foveae
817 436 1007 467 coecae
1056 419 1298 466 conoides
1346 417 1658 473 formantur,
1714 421 1768 463 in
1806 433 1930 481 quas
1971 419 2212 483 cartilago
2250 425 2501 468 membr-a.

85 508 271 549 nacea,
333 506 431 555 qua
468 505 587 553 pars
633 489 868 552 superior
904 490 1064 534 cranii
1111 485 1370 533 interioris
1405 484 1514 532 sola
1552 483 1896 545 efficiebatur,
1944 501 2109 550 usque
2147 488 2209 537 ad
2244 503 2497 553 punctum

86 559 433 608 ossificationis
469 573 522 606 se
556 555 703 621 quasi
736 555 991 604 intrusisse
1028 552 1254 605 videtur,
2242 562 2244 564 ·

1212 670 1258 736 ς.
1333 672 1384 722 6.

224 761 300 808 Ex
346 762 446 810 hac
492 765 679 812 ossium
730 770 980 811 structura
1028 760 1138 803 iure
1185 758 1427 804 videmur
1474 756 1785 803 concludere
1832 771 1978 823 posse
2023 761 2076 806 in
2121 761 2280 810 Lucio
2330 764 2501 830 (quod

86 829 143 876 in
181 831 423 877 Sturione
457 848 552 894 per
586 840 744 878 totam
782 830 937 876 vitam
975 825 1041 872 ita
1081 822 1269 872 habere
1306 825 1526 886 constat)
1590 827 1643 869 in
1683 824 1859 885 prlore
1908 827 2125 890 periodo
2175 829 2499 880 formationis

88 901 321 944 cranium
368 898 586 946 interius
636 915 696 944 ex
743 891 1042 956 cartilagine
1089 895 1480 939 membranacea
1530 901 1786 949 constare,
1844 895 1901 941 in
1938 910 2035 957 qua
2087 895 2269 943 deinde
2307 911 2497 960 puncta

90 963 440 1012 ossification3s
490 968 725 1013 exsistant
770 967 825 1010 in
859 960 991 1006 facie
1036 960 1293 1006 exteriore
1332 971 1488 1022 atque
1525 962 1768 1004 interiore
1815 961 2123 1024 cartilaginis
2162 967 2379 1013 lamellas
2415 976 2498 1013 οἱ..

88 1030 344 1080 biculares
391 1036 741 1089 immittentia,
797 1043 1011 1092 quarum
1051 1027 1325 1074 diametros
1373 1025 1523 1073 initio
1572 1025 1739 1073 minor
1785 1029 1969 1074 eodem
2017 1030 2126 1077 sere
2162 1034 2316 1081 modo
2357 1039 2498 1083 latius

91 1097 414 1159 extenditur,
483 1110 542 1147 ut
589 1109 745 1148 testae
793 1096 1190 1146 Molluscorum.
1270 1095 1386 1142 Hoc
1436 1093 1688 1141 concludo
1733 1110 1807 1156 ex·
1842 1095 2055 1144 orbibus
2106 1104 2278 1161 opacis
2324 1103 2494 1148 eidem

89 1176 268 1214 centro
304 1168 675 1223 circumiectis,
725 1165 818 1229 qui
862 1165 919 1211 in
956 1161 1172 1209 lamellis
1209 1166 1369 1209 osseis
1405 1161 1775 1223 subpellucidis
1817 1174 2098 1225 apparent,
2164 1168 2495 1234 indicantque

90 1234 415 1297 peripherias
474 1233 848 1282 lamellularum·
914 1233 1058 1291 prius
1123 1241 1369 1281 ortarum.
1473 1232 1717 1277 Ceterum
1774 1238 1861 1279 aut
1918 1232 2090 1279 omnia
2147 1252 2230 1280 me
2287 1237 2493 1295 fallunt,

91 1313 182 1347 aut
228 1301 470 1350 formatio
525 1316 780 1350 novarum
828 1297 1201 1346 lamellularum
1261 1302 1314 1344 in
1365 1297 1641 1358 superficie
1703 1296 1759 1344 fit
1814 1300 2096 1365 cartilagini
2139 1306 2496 1354 inter-currenti

92 1369 315 1416 adversa.
388 1370 568 1418 Cultro
610 1367 690 1416 vel
725 1383 868 1416 serra
907 1363 998 1411 ubi
1033 1366 1300 1424 incideris,
1362 1365 1511 1412 facile
1551 1366 1840 1429 apparebit.
1872 1393 1942 1403 -

232 1438 410 1502 Atque
462 1439 677 1483 omnino
727 1434 947 1499 plurima
985 1433 1130 1480 Lucii
1175 1449 1283 1480 ossa
1321 1433 1504 1480 eodem
1551 1434 1708 1480 modo
1745 1449 1974 1481 crescere
2011 1434 2279 1491 videntur,
2341 1455 2498 1503 quum

93 1506 375 1569 marginem
420 1521 585 1551 versus
619 1506 789 1552 lineae
837 1506 889 1550 in
927 1500 987 1548 iis
1023 1517 1214 1565 opacae
1260 1510 1310 1547 et
1348 1501 1626 1561 parallelae
1665 1515 1777 1548 sese
1815 1502 2100 1554 ostendant.
2174 1503 2413 1553 Offerunt
2448 1525 2499 1556 se

94 1574 307 1637 quidem
342 1578 398 1619 in
433 1573 678 1635 Cyprinis
716 1572 929 1635 aliisque
965 1568 1187 1629 piscibus
1226 1571 1284 1615 iis
1321 1578 1571 1614 structura
1605 1566 1855 1617 similibus
1905 1570 2153 1619 eiusmodi
2191 1577 2337 1621 striae
2377 1591 2500 1638 opa-

94 1654 186 1686 cae
221 1656 281 1687 ac
315 1640 607 1703 parallelae,
654 1638 747 1686 sed
782 1642 838 1684 in
874 1637 1068 1687 ossibus
1102 1645 1298 1683 tantum
1334 1635 1529 1700 planis,
1590 1650 1751 1700 quum
1783 1639 1838 1685 in
1865 1635 2065 1699 solidis,
2113 1645 2410 1703 praesertim
2446 1648 2500 1695 in

95 1708 322 1772 propriis
359 1706 555 1755 ossibus
597 1705 788 1764 cranii,
843 1715 1041 1755 textura
1074 1703 1373 1768 praevaleat
1407 1702 1620 1757 radiata.
1655 1729 1724 1741 —

232 1774 336 1824 Sed
368 1786 425 1821 ut
461 1775 526 1821 ad
560 1784 867 1823 structuram
903 1773 1064 1823 cranii
1098 1773 1328 1820 inLucio
1363 1772 1602 1829 redeam,
1653 1788 1712 1820 ex
1750 1772 1833 1825 iis,
1887 1790 2020 1839 quae
2055 1775 2218 1833 attuli,
2253 1783 2500 1844 sequitur,

95 1843 152 1890 in
187 1841 475 1891 iunioribus
517 1846 653 1890 inter
704 1843 854 1890 orbes
904 1858 1074 1891 osseos
1122 1841 1357 1887 nondum
1401 1840 1626 1887 excultos
1675 1839 2026 1906 cartilaginem
2061 1844 2502 1899 membranaceas:

102 1910 168 1970 ad
194 1911 408 1959 modum
444 1911 811 1958 fonticulorum
857 1925 1108 1975 apparere
1148 1907 1368 1957 del-iere:
1415 1924 1717 1973 quumque,
1754 1918 1810 1954 ut
1845 1911 2035 1972 video,
2080 1915 2231 1960 etiam
2272 1914 2324 1961 in
2358 1917 2507 1968 Lucii

101 1982 299 2044 eapite,
351 1980 496 2027 cuius
542 1978 814 2044 longitudo
866 1989 938 2026 est
987 1979 1166 2026 decem
1212 1976 1486 2042 pollicum,
1545 1992 1663 2039 pars
1708 1978 1960 2039 quaedam
1996 1979 2108 2029 satis
2145 1997 2354 2045 magna,
2413 1987 2504 2035 uhi

101 2051 412 2094 extrinsecus
464 2056 620 2111 caput
664 2045 939 2094 articulans
989 2046 1211 2094 anterius
1271 2049 1388 2092 ossis
1432 2044 1667 2109 quadrati
1714 2043 1957 2093 inseritur
2002 2057 2158 2112 atque
2194 2052 2320 2097 intus
2358 2068 2504 2102 arcus

99 2113 489 2163 semicircularis
535 2116 767 2162 anterior
799 2130 906 2162 sese
948 2117 1201 2177 applicat,
1256 2123 1359 2160 tota
1400 2111 1464 2159 sit
1512 2115 1841 2176 cartilaginea
1879 2113 2043 2176 (inter
2092 2129 2201 2176 10⁹,
2252 2130 2330 2174 17·
2364 2119 2504 2182 Hb)

99 2191 263 2249 atque
303 2186 376 2229 sic
408 2187 462 2231 in
491 2192 691 2246 partem
719 2183 1064 2249 poster-iorem
1099 2180 1398 2228 extendatur
1438 2179 1600 2240 (inter
1629 2192 1726 2237 10·,
1760 2178 1842 2238 1³,
1876 2181 1926 2230 11
1955 2191 2013 2241 δ’,
2058 2185 2206 2243 11²·0,
2251 2182 2334 2244 Ib,
2383 2187 2502 2245 Hb:

103 2254 208 2304 tab.
243 2252 305 2305 V,
341 2248 426 2314 fig.
465 2251 555 2302 ΧΙ.
579 2251 672 2307 B„
712 2251 804 2317 qui
838 2250 977 2298 locus
1016 2252 1172 2296 etiam
1215 2247 1271 2296 in
1298 2247 1539 2314 Cyprinis
1573 2257 1646 2296 est
1683 2244 2069 2313 cartilaginem)
2112 2254 2393 2313 putandum
2431 2267 2504 2303 est

105 2317 196 2368 hos
234 2319 380 2368 locos
416 2336 512 2383 per
546 2328 706 2366 totam
740 2317 901 2366 vitam
941 2333 1155 2364 manere
1195 2316 1575 2380 cartilagineos,
1647 2314 1794 2363 Inter
1828 2317 2032 2381 singula
2072 2317 2223 2366 etiam
2274 2338 2379 2370 ossa
2419 2340 2506 2371 ορ-

107 2389 273 2453 cipitis
318 2386 422 2434 loci
472 2386 789 2450 cartilaginei
834 2387 972 2435 haud
1018 2383 1166 2449 parvi
1221 2384 1638 2448 conspiciuntur,
1710 2382 1798 2449 qui
1845 2385 1996 2450 plane
2030 2386 2253 2450 speciem
2293 2389 2510 2438 fonticu-

104 2453 277 2502 lorum
312 2455 559 2505 rescrunt.
631 2455 759 2502 Inde
794 2453 872 2513 fit,
918 2453 979 2500 'ut
1015 2453 1116 2500 hoc
1152 2451 1447 2500 discindere
1481 2467 1690 2499 necesse
1724 2451 1813 2505 sit,
1864 2453 1905 2501 si
1938 2470 2048 2501 ossa
2085 2455 2170 2501 illa
2207 2457 2509 2521 disiungere

107 2523 262 2582 velis,
322 2539 483 2588 quum
526 2527 582 2570 in
616 2522 854 2585 Cyprinis
904 2531 1059 2587 atque
1112 2524 1204 2584 qui
1243 2519 1322 2569 his
1372 2530 1489 2567 sunt
1528 2517 1743 2577 similes,
1805 2521 1950 2583 quod
1995 2521 2262 2570 harmonia
2309 2537 2509 2576 tantum

107 2595 385 2641 coniuncta
417 2602 563 2651 sunt,
620 2590 799 2641 cranio
840 2606 937 2654 per
972 2592 1129 2644 breve
1164 2601 1364 2653 tempus
1402 2596 1657 2636 macerato
1695 2597 1887 2652 sponte
1921 2604 2089 2654 paene
2125 2590 2445 2646 dirimantur.

1238 2709 1284 2771 §·
1355 2722 1404 2771 7·

279 2792 336 2842 Si
370 2810 399 2840 a
426 2795 602 2843 cranio
643 2808 784 2842 nunc
820 2789 1128 2857 cartilaginis
1165 2791 1442 2841 decursum
1487 2790 1777 2841 antrorst‘tm
1811 2793 2071 2858 sequeris,
2116 2795 2342 2859 primum
2379 2815 2522 2864 pone

110 2861 322 2913 foveam
363 2862 570 2922 narium
604 2862 887 2927 utrobique
923 2877 979 2907 os
1015 2858 1244 2910 invenies
1280 2863 1496 2924 propria
1534 2861 1756 2924 quadam
1798 2872 2088 2926 structura,
2137 2863 2356 2912 firmiter
2402 2885 2522 2918 cum

112 2946 178 2982 ea
215 2934 550 2984 coniunctum
586 2930 729 2996 (23).
795 2931 999 2992 Nempe
1037 2931 1227 2979 lamina
1267 2943 1413 2983 ossea
1450 2929 1752 2978 orbicularis
1799 2932 1855 2981 in
1892 2933 2140 2982 diametro
2173 2933 2243 2982 ita
2282 2950 2335 2981 se
2368 2932 2523 2997 flexit,

1321 3010 1352 3051 ²?
1377 2999 1410 3029 '⁶
2466 3018 2527 3053 ut
