<?xml version="1.0" encoding="UTF-8"?>
<!DOCTYPE html PUBLIC "-//W3C//DTD XHTML 1.0 Transitional//EN"
    "http://www.w3.org/TR/xhtml1/DTD/xhtml1-transitional.dtd">
<html xmlns="http://www.w3.org/1999/xhtml" xml:lang="en" lang="en">
 <head>
  <title>
</title>
<meta http-equiv="Content-Type" content="text/html;charset=utf-8" />
  <meta name='ocr-system' content='tesseract 3.04.00' />
  <meta name='ocr-capabilities' content='ocr_page ocr_carea ocr_par ocr_line ocrx_word'/>
</head>
<body>
  <div class='ocr_page' id='page_1' title='image "./decapitisosseies00aren_0017.png"; bbox 0 0 2705 3277; ppageno 0'>
   <div class='ocr_carea' id='block_1_1' title="bbox 1179 91 2539 150">
    <p class='ocr_par' dir='ltr' id='par_1_1' title="bbox 1179 91 2539 150">
     <span class='ocr_line' id='line_1_1' title="bbox 1179 91 2539 150; baseline 0.001 -1"><span class='ocrx_word' id='word_1_1' title='bbox 1179 99 1485 122; x_wconf 75' lang='lat'><strong>-------</strong></span> <span class='ocrx_word' id='word_1_2' title='bbox 2465 91 2539 150; x_wconf 78' lang='lat'><strong>13</strong></span> 
     </span>
    </p>
   </div>
   <div class='ocr_carea' id='block_1_2' title="bbox 34 211 2544 2031">
    <p class='ocr_par' dir='ltr' id='par_1_2' title="bbox 107 211 2544 1424">
     <span class='ocr_line' id='line_1_2' title="bbox 123 211 2544 279; baseline 0.001 -17"><span class='ocrx_word' id='word_1_3' title='bbox 123 213 246 262; x_wconf 86' lang='lat' dir='ltr'><strong>dein</strong></span> <span class='ocrx_word' id='word_1_4' title='bbox 283 213 498 262; x_wconf 81' lang='lat' dir='ltr'><strong>inferius</strong></span> <span class='ocrx_word' id='word_1_5' title='bbox 537 212 997 272; x_wconf 67' lang='lat' dir='ltr'><strong>sese&#39;marginibus</strong></span> <span class='ocrx_word' id='word_1_6' title='bbox 1034 213 1310 277; x_wconf 76' lang='lat' dir='ltr'><strong>attingant,</strong></span> <span class='ocrx_word' id='word_1_7' title='bbox 1358 219 1409 258; x_wconf 87' lang='lat' dir='ltr'><strong>et</strong></span> <span class='ocrx_word' id='word_1_8' title='bbox 1442 213 1510 257; x_wconf 84' lang='lat' dir='ltr'><strong>sic</strong></span> <span class='ocrx_word' id='word_1_9' title='bbox 1547 212 1676 259; x_wconf 77' lang='lat' dir='ltr'><strong>duos</strong></span> <span class='ocrx_word' id='word_1_10' title='bbox 1719 211 1944 276; x_wconf 80' lang='lat' dir='ltr'><strong>parietes</strong></span> <span class='ocrx_word' id='word_1_11' title='bbox 1994 213 2216 262; x_wconf 79' lang='lat' dir='ltr'><strong>forment</strong></span> <span class='ocrx_word' id='word_1_12' title='bbox 2262 216 2544 279; x_wconf 72' lang='lat' dir='ltr'><strong>longitudi-</strong></span> 
     </span>
     <span class='ocr_line' id='line_1_3' title="bbox 119 279 2543 344; baseline 0.001 -17"><span class='ocrx_word' id='word_1_13' title='bbox 119 286 260 330; x_wconf 84' lang='lat' dir='ltr'><strong>:nales</strong></span> <span class='ocrx_word' id='word_1_14' title='bbox 312 297 510 329; x_wconf 68' lang='lat' dir='ltr'><strong>sursum</strong></span> <span class='ocrx_word' id='word_1_15' title='bbox 563 286 934 340; x_wconf 76' lang='lat' dir='ltr'><strong>convergendo</strong></span> <span class='ocrx_word' id='word_1_16' title='bbox 986 292 1370 328; x_wconf 76' lang='lat' dir='ltr'>concurrentes,</span> <span class='ocrx_word' id='word_1_17' title='bbox 1461 280 1822 344; x_wconf 73' lang='lat' dir='ltr'>Unaquaeque</span> <span class='ocrx_word' id='word_1_18' title='bbox 1862 279 2049 325; x_wconf 70' lang='lat' dir='ltr'><strong>lamina</strong></span> <span class='ocrx_word' id='word_1_19' title='bbox 2096 283 2246 342; x_wconf 80' lang='lat' dir='ltr'><strong>paulo</strong></span> <span class='ocrx_word' id='word_1_20' title='bbox 2289 283 2439 330; x_wconf 80' lang='lat' dir='ltr'><strong>altius</strong></span> <span class='ocrx_word' id='word_1_21' title='bbox 2487 292 2543 333; x_wconf 82' lang='lat' dir='ltr'><strong>in</strong></span> 
     </span>
     <span class='ocr_line' id='line_1_4' title="bbox 119 347 2542 411; baseline -0.001 -16"><span class='ocrx_word' id='word_1_22' title='bbox 119 349 246 395; x_wconf 84' lang='lat' dir='ltr'><strong>duas</strong></span> <span class='ocrx_word' id='word_1_23' title='bbox 285 348 509 395; x_wconf 80' lang='lat' dir='ltr'>lamellas</span> <span class='ocrx_word' id='word_1_24' title='bbox 548 347 853 402; x_wconf 62' lang='lat' dir='ltr'><strong>dissecatur,</strong></span> <span class='ocrx_word' id='word_1_25' title='bbox 905 362 967 394; x_wconf 83' lang='lat' dir='ltr'><strong>ex</strong></span> <span class='ocrx_word' id='word_1_26' title='bbox 1003 349 1181 411; x_wconf 80' lang='lat' dir='ltr'><strong>quibus</strong></span> <span class='ocrx_word' id='word_1_27' title='bbox 1217 350 1440 393; x_wconf 88' lang='lat' dir='ltr'><strong>interior</strong></span> <span class='ocrx_word' id='word_1_28' title='bbox 1487 355 1589 391; x_wconf 70' lang='lat' dir='ltr'><strong>tazn</strong></span> <span class='ocrx_word' id='word_1_29' title='bbox 1631 364 1812 410; x_wconf 76' lang='lat' dir='ltr'><strong>parum</strong></span> <span class='ocrx_word' id='word_1_30' title='bbox 1867 363 1920 393; x_wconf 88' lang='lat' dir='ltr'><strong>se</strong></span> <span class='ocrx_word' id='word_1_31' title='bbox 1961 348 2180 405; x_wconf 76' lang='lat' dir='ltr'><strong>extollit,</strong></span> <span class='ocrx_word' id='word_1_32' title='bbox 2231 360 2288 397; x_wconf 85' lang='lat' dir='ltr'><strong>ut</strong></span> <span class='ocrx_word' id='word_1_33' title='bbox 2335 361 2542 399; x_wconf 69' lang='lat' dir='ltr'><strong>tantum</strong></span> 
     </span>
     <span class='ocr_line' id='line_1_5' title="bbox 116 414 2543 482; baseline 0.002 -20"><span class='ocrx_word' id='word_1_34' title='bbox 116 422 258 462; x_wconf 85' lang='lat' dir='ltr'><strong>tenui</strong></span> <span class='ocrx_word' id='word_1_35' title='bbox 309 423 490 462; x_wconf 75' lang='lat' dir='ltr'><strong>cristae</strong></span> <span class='ocrx_word' id='word_1_36' title='bbox 542 414 740 461; x_wconf 74' lang='lat' dir='ltr'><strong>similis·</strong></span> <span class='ocrx_word' id='word_1_37' title='bbox 773 414 1036 471; x_wconf 80' lang='lat' dir='ltr'><strong>videatur,</strong></span> <span class='ocrx_word' id='word_1_38' title='bbox 1096 414 1319 461; x_wconf 82' lang='lat' dir='ltr'><strong>exterior</strong></span> <span class='ocrx_word' id='word_1_39' title='bbox 1362 429 1483 459; x_wconf 63' lang='lat' dir='ltr'><strong>vrro</strong></span> <span class='ocrx_word' id='word_1_40' title='bbox 1534 424 1587 460; x_wconf 86' lang='lat' dir='ltr'><strong>ut</strong></span> <span class='ocrx_word' id='word_1_41' title='bbox 1642 430 1906 475; x_wconf 69' lang='lat' dir='ltr'><strong>processus</strong></span> <span class='ocrx_word' id='word_1_42' title='bbox 1953 414 2187 475; x_wconf 63' lang='lat' dir='ltr'><strong>S,=i1·iosus</strong></span> <span class='ocrx_word' id='word_1_43' title='bbox 2229 421 2437 482; x_wconf 79' lang='lat' dir='ltr'><strong>longius</strong></span> <span class='ocrx_word' id='word_1_44' title='bbox 2487 420 2543 466; x_wconf 89' lang='lat' dir='ltr'><strong>in</strong></span> 
     </span>
     <span class='ocr_line' id='line_1_6' title="bbox 117 478 2540 544; baseline 0 -15"><span class='ocrx_word' id='word_1_45' title='bbox 117 487 441 538; x_wconf 61' lang='lat' dir='ltr'><strong>superiorem</strong></span> <span class='ocrx_word' id='word_1_46' title='bbox 483 495 684 544; x_wconf 80' lang='lat' dir='ltr'><strong>partem</strong></span> <span class='ocrx_word' id='word_1_47' title='bbox 722 496 781 527; x_wconf 89' lang='lat' dir='ltr'><strong>ac</strong></span> <span class='ocrx_word' id='word_1_48' title='bbox 821 482 1169 543; x_wconf 77' lang='lat' dir='ltr'><strong>posteriorem</strong></span> <span class='ocrx_word' id='word_1_49' title='bbox 1221 481 1529 529; x_wconf 75' lang='lat' dir='ltr'><strong>extenditur.</strong></span> <span class='ocrx_word' id='word_1_50' title='bbox 1615 481 1781 543; x_wconf 87' lang='lat' dir='ltr'><strong>Supra</strong></span> <span class='ocrx_word' id='word_1_51' title='bbox 1829 478 2114 543; x_wconf 82' lang='lat' dir='ltr'><strong>capitulum</strong></span> <span class='ocrx_word' id='word_1_52' title='bbox 2154 489 2431 539; x_wconf 71' lang='lat' dir='ltr'><strong>articulare</strong></span> <span class='ocrx_word' id='word_1_53' title='bbox 2475 488 2540 535; x_wconf 79' lang='lat' dir='ltr'><strong>ab</strong></span> 
     </span>
     <span class='ocr_line' id='line_1_7' title="bbox 115 543 2542 615; baseline 0.001 -21"><span class='ocrx_word' id='word_1_54' title='bbox 115 543 204 596; x_wconf 75' lang='lat' dir='ltr'><strong>illa</strong></span> <span class='ocrx_word' id='word_1_55' title='bbox 246 552 437 596; x_wconf 76' lang='lat' dir='ltr'><strong>lamina</strong></span> <span class='ocrx_word' id='word_1_56' title='bbox 476 550 893 604; x_wconf 69' lang='lat' dir='ltr'><strong>ante‘foramen,</strong></span> <span class='ocrx_word' id='word_1_57' title='bbox 944 549 1151 612; x_wconf 82' lang='lat' dir='ltr'>oblique</span> <span class='ocrx_word' id='word_1_58' title='bbox 1186 546 1241 594; x_wconf 88' lang='lat' dir='ltr'><strong>in</strong></span> <span class='ocrx_word' id='word_1_59' title='bbox 1282 546 1614 607; x_wconf 74' lang='lat' dir='ltr'><strong>exteriorem,</strong></span> <span class='ocrx_word' id='word_1_60' title='bbox 1652 548 1957 595; x_wconf 79' lang='lat' dir='ltr'><strong>inferiorem</strong></span> <span class='ocrx_word' id='word_1_61' title='bbox 1998 559 2152 615; x_wconf 87' lang='lat' dir='ltr'><strong>atque</strong></span> <span class='ocrx_word' id='word_1_62' title='bbox 2190 557 2542 612; x_wconf 81' lang='lat' dir='ltr'><strong>posteriorem</strong></span> 
     </span>
     <span class='ocr_line' id='line_1_8' title="bbox 114 615 2543 683; baseline 0.001 -20"><span class='ocrx_word' id='word_1_63' title='bbox 114 630 315 679; x_wconf 84' lang='lat' dir='ltr'><strong>partem</strong></span> <span class='ocrx_word' id='word_1_64' title='bbox 357 619 638 670; x_wconf 81' lang='lat' dir='ltr'><strong>directum,</strong></span> <span class='ocrx_word' id='word_1_65' title='bbox 690 631 952 679; x_wconf 83' lang='lat' dir='ltr'><strong>processus</strong></span> <span class='ocrx_word' id='word_1_66' title='bbox 990 615 1196 678; x_wconf 76' lang='lat' dir='ltr'><strong>spinalis</strong></span> <span class='ocrx_word' id='word_1_67' title='bbox 1232 624 1579 673; x_wconf 76' lang='lat' dir='ltr'><strong>transversus,</strong></span> <span class='ocrx_word' id='word_1_68' title='bbox 1632 625 1803 663; x_wconf 75' lang='lat' dir='ltr'><strong>costae</strong></span> <span class='ocrx_word' id='word_1_69' title='bbox 1839 616 2044 673; x_wconf 85' lang='lat' dir='ltr'><strong>similis,</strong></span> <span class='ocrx_word' id='word_1_70' title='bbox 2092 617 2302 683; x_wconf 84' lang='lat' dir='ltr'><strong>oblique</strong></span> <span class='ocrx_word' id='word_1_71' title='bbox 2343 633 2543 667; x_wconf 82' lang='lat' dir='ltr'><strong>extror-</strong></span> 
     </span>
     <span class='ocr_line' id='line_1_9' title="bbox 113 682 2539 748; baseline 0.002 -19"><span class='ocrx_word' id='word_1_72' title='bbox 113 700 225 730; x_wconf 86' lang='lat' dir='ltr'><strong>sum</strong></span> <span class='ocrx_word' id='word_1_73' title='bbox 284 700 343 730; x_wconf 88' lang='lat' dir='ltr'><strong>ac</strong></span> <span class='ocrx_word' id='word_1_74' title='bbox 388 693 737 731; x_wconf 80' lang='lat' dir='ltr'><strong>retroversum</strong></span> <span class='ocrx_word' id='word_1_75' title='bbox 788 682 1151 748; x_wconf 80' lang='lat' dir='ltr'><strong>proficiscitur,</strong></span> <span class='ocrx_word' id='word_1_76' title='bbox 1217 692 1274 728; x_wconf 84' lang='lat' dir='ltr'><strong>ut</strong></span> <span class='ocrx_word' id='word_1_77' title='bbox 1314 682 1567 730; x_wconf 75' lang='lat' dir='ltr'><strong>musculis</strong></span> <span class='ocrx_word' id='word_1_78' title='bbox 1614 682 1752 731; x_wconf 83' lang='lat' dir='ltr'><strong>dorsi</strong></span> <span class='ocrx_word' id='word_1_79' title='bbox 1806 683 1951 746; x_wconf 79' lang='lat' dir='ltr'><strong>plura</strong></span> <span class='ocrx_word' id='word_1_80' title='bbox 2005 696 2199 747; x_wconf 80' lang='lat' dir='ltr'><strong>puncta</strong></span> <span class='ocrx_word' id='word_1_81' title='bbox 2251 689 2539 734; x_wconf 76' lang='lat' dir='ltr'><strong>insertionis</strong></span> 
     </span>
     <span class='ocr_line' id='line_1_10' title="bbox 111 748 2539 816; baseline 0.001 -19"><span class='ocrx_word' id='word_1_82' title='bbox 111 751 490 814; x_wconf 74' lang='lat' dir='ltr'><strong>praebeantur,</strong></span> <span class='ocrx_word' id='word_1_83' title='bbox 537 769 700 816; x_wconf 86' lang='lat' dir='ltr'><strong>quum</strong></span> <span class='ocrx_word' id='word_1_84' title='bbox 737 750 985 815; x_wconf 87' lang='lat' dir='ltr'><strong>propriae</strong></span> <span class='ocrx_word' id='word_1_85' title='bbox 1032 748 1218 794; x_wconf 85' lang='lat' dir='ltr'><strong>harum</strong></span> <span class='ocrx_word' id='word_1_86' title='bbox 1258 755 1580 798; x_wconf 85' lang='lat' dir='ltr'><strong>anteriorum</strong></span> <span class='ocrx_word' id='word_1_87' title='bbox 1626 749 1982 798; x_wconf 86' lang='lat' dir='ltr'><strong>vertebrarum</strong></span> <span class='ocrx_word' id='word_1_88' title='bbox 2036 764 2203 798; x_wconf 85' lang='lat' dir='ltr'><strong>costae</strong></span> <span class='ocrx_word' id='word_1_89' title='bbox 2251 754 2539 802; x_wconf 78' lang='lat' dir='ltr'><strong>directione</strong></span> 
     </span>
     <span class='ocr_line' id='line_1_11' title="bbox 113 815 2538 884; baseline 0.001 -19"><span class='ocrx_word' id='word_1_90' title='bbox 113 823 172 865; x_wconf 85' lang='lat' dir='ltr'><strong>iis</strong></span> <span class='ocrx_word' id='word_1_91' title='bbox 210 818 455 880; x_wconf 86' lang='lat' dir='ltr'><strong>parallela</strong></span> <span class='ocrx_word' id='word_1_92' title='bbox 493 828 817 880; x_wconf 84' lang='lat' dir='ltr'><strong>procurrant.</strong></span> <span class='ocrx_word' id='word_1_93' title='bbox 902 823 943 864; x_wconf 89' lang='lat' dir='ltr'>A</span> <span class='ocrx_word' id='word_1_94' title='bbox 985 815 1217 862; x_wconf 83' lang='lat' dir='ltr'><strong>vertebra</strong></span> <span class='ocrx_word' id='word_1_95' title='bbox 1267 821 1485 879; x_wconf 75' lang='lat' dir='ltr'><strong>septima</strong></span> <span class='ocrx_word' id='word_1_96' title='bbox 1535 835 1699 882; x_wconf 89' lang='lat' dir='ltr'><strong>usque</strong></span> <span class='ocrx_word' id='word_1_97' title='bbox 1745 818 1810 865; x_wconf 86' lang='lat' dir='ltr'><strong>ad</strong></span> <span class='ocrx_word' id='word_1_98' title='bbox 1856 818 2120 866; x_wconf 76' lang='lat' dir='ltr'><strong>vertebras</strong></span> <span class='ocrx_word' id='word_1_99' title='bbox 2169 820 2368 867; x_wconf 78' lang='lat' dir='ltr'><strong>caudae</strong></span> <span class='ocrx_word' id='word_1_100' title='bbox 2420 839 2538 884; x_wconf 88' lang='lat' dir='ltr'><strong>pro-</strong></span> 
     </span>
     <span class='ocr_line' id='line_1_12' title="bbox 114 883 2540 952; baseline 0.002 -20"><span class='ocrx_word' id='word_1_101' title='bbox 114 902 278 932; x_wconf 83' lang='lat' dir='ltr'><strong>cessus</strong></span> <span class='ocrx_word' id='word_1_102' title='bbox 314 896 623 933; x_wconf 81' lang='lat' dir='ltr'><strong>transversus</strong></span> <span class='ocrx_word' id='word_1_103' title='bbox 658 904 710 933; x_wconf 91' lang='lat' dir='ltr'><strong>os</strong></span> <span class='ocrx_word' id='word_1_104' title='bbox 742 895 931 937; x_wconf 82' lang='lat' dir='ltr'><strong>tenue,</strong></span> <span class='ocrx_word' id='word_1_105' title='bbox 980 883 1314 942; x_wconf 84' lang='lat' dir='ltr'><strong>furciforme,</strong></span> <span class='ocrx_word' id='word_1_106' title='bbox 1353 884 1575 932; x_wconf 84' lang='lat' dir='ltr'><strong>liberum</strong></span> <span class='ocrx_word' id='word_1_107' title='bbox 1614 884 1813 943; x_wconf 79' lang='lat' dir='ltr'><strong>evadit,</strong></span> <span class='ocrx_word' id='word_1_108' title='bbox 1862 901 1957 930; x_wconf 87' lang='lat' dir='ltr'><strong>nec</strong></span> <span class='ocrx_word' id='word_1_109' title='bbox 1995 890 2091 933; x_wconf 84' lang='lat' dir='ltr'><strong>nisi</strong></span> <span class='ocrx_word' id='word_1_110' title='bbox 2124 886 2359 935; x_wconf 80' lang='lat' dir='ltr'><strong>tenuibus</strong></span> <span class='ocrx_word' id='word_1_111' title='bbox 2411 889 2540 952; x_wconf 84' lang='lat' dir='ltr'><strong>liga-</strong></span> 
     </span>
     <span class='ocr_line' id='line_1_13' title="bbox 113 952 2538 1005; baseline 0.001 -5"><span class='ocrx_word' id='word_1_112' title='bbox 113 954 296 1000; x_wconf 68' lang='lat' dir='ltr'><strong>mentis</strong></span> <span class='ocrx_word' id='word_1_113' title='bbox 334 957 386 1000; x_wconf 87' lang='lat' dir='ltr'><strong>in</strong></span> <span class='ocrx_word' id='word_1_114' title='bbox 413 955 586 1000; x_wconf 83' lang='lat' dir='ltr'><strong>furcae</strong></span> <span class='ocrx_word' id='word_1_115' title='bbox 623 955 732 1001; x_wconf 82' lang='lat' dir='ltr'><strong>fine</strong></span> <span class='ocrx_word' id='word_1_116' title='bbox 770 969 890 999; x_wconf 86' lang='lat' dir='ltr'><strong>cum</strong></span> <span class='ocrx_word' id='word_1_117' title='bbox 932 955 1171 999; x_wconf 89' lang='lat' dir='ltr'><strong>columna</strong></span> <span class='ocrx_word' id='word_1_118' title='bbox 1207 953 1487 999; x_wconf 79' lang='lat' dir='ltr'><strong>vertebtali</strong></span> <span class='ocrx_word' id='word_1_119' title='bbox 1527 956 1861 1000; x_wconf 72' lang='lat' dir='ltr'><strong>coniunctum</strong></span> <span class='ocrx_word' id='word_1_120' title='bbox 1902 962 1996 1005; x_wconf 65' lang='lat' dir='ltr'><strong>est.</strong></span> <span class='ocrx_word' id='word_1_121' title='bbox 2071 952 2234 999; x_wconf 84' lang='lat' dir='ltr'><strong>Simul</strong></span> <span class='ocrx_word' id='word_1_122' title='bbox 2277 959 2538 1002; x_wconf 85' lang='lat' dir='ltr'><strong>evanescit</strong></span> 
     </span>
     <span class='ocr_line' id='line_1_14' title="bbox 111 1018 2539 1085; baseline 0 -18"><span class='ocrx_word' id='word_1_123' title='bbox 111 1020 351 1067; x_wconf 78' lang='lat' dir='ltr'><strong>foramen</strong></span> <span class='ocrx_word' id='word_1_124' title='bbox 387 1022 698 1071; x_wconf 80' lang='lat' dir='ltr'><strong>laminarum</strong></span> <span class='ocrx_word' id='word_1_125' title='bbox 736 1036 763 1065; x_wconf 92' lang='lat' dir='ltr'><strong>e</strong></span> <span class='ocrx_word' id='word_1_126' title='bbox 800 1019 1026 1082; x_wconf 85' lang='lat' dir='ltr'><strong>capitulo</strong></span> <span class='ocrx_word' id='word_1_127' title='bbox 1067 1018 1482 1082; x_wconf 66' lang='lat' dir='ltr'><strong>ascendentium,</strong></span> <span class='ocrx_word' id='word_1_128' title='bbox 1533 1037 1750 1085; x_wconf 88' lang='lat' dir='ltr'><strong>quarum</strong></span> <span class='ocrx_word' id='word_1_129' title='bbox 1792 1020 2038 1083; x_wconf 80' lang='lat' dir='ltr'><strong>paulatim</strong></span> <span class='ocrx_word' id='word_1_130' title='bbox 2078 1019 2390 1068; x_wconf 85' lang='lat' dir='ltr'><strong>deminuitur</strong></span> <span class='ocrx_word' id='word_1_131' title='bbox 2430 1040 2539 1068; x_wconf 89' lang='lat' dir='ltr'><strong>am-</strong></span> 
     </span>
     <span class='ocr_line' id='line_1_15' title="bbox 109 1086 2538 1154; baseline -0.002 -22"><span class='ocrx_word' id='word_1_132' title='bbox 109 1086 275 1146; x_wconf 84' lang='lat' dir='ltr'><strong>bitus,</strong></span> <span class='ocrx_word' id='word_1_133' title='bbox 321 1088 441 1136; x_wconf 87' lang='lat' dir='ltr'><strong>dum</strong></span> <span class='ocrx_word' id='word_1_134' title='bbox 479 1104 742 1154; x_wconf 82' lang='lat' dir='ltr'><strong>processus</strong></span> <span class='ocrx_word' id='word_1_135' title='bbox 779 1103 955 1133; x_wconf 83' lang='lat' dir='ltr'><strong>earum</strong></span> <span class='ocrx_word' id='word_1_136' title='bbox 991 1087 1190 1149; x_wconf 86' lang='lat' dir='ltr'><strong>spinosi</strong></span> <span class='ocrx_word' id='word_1_137' title='bbox 1227 1090 1425 1149; x_wconf 85' lang='lat' dir='ltr'><strong>postice</strong></span> <span class='ocrx_word' id='word_1_138' title='bbox 1465 1100 1707 1136; x_wconf 70' lang='lat' dir='ltr'><strong>exeuntes</strong></span> <span class='ocrx_word' id='word_1_139' title='bbox 1744 1088 1995 1150; x_wconf 78' lang='lat' dir='ltr'><strong>paulatim</strong></span> <span class='ocrx_word' id='word_1_140' title='bbox 2032 1090 2297 1135; x_wconf 86' lang='lat' dir='ltr'><strong>tenuiores</strong></span> <span class='ocrx_word' id='word_1_141' title='bbox 2341 1090 2538 1152; x_wconf 69' lang='lat' dir='ltr'><strong>longio.</strong></span> 
     </span>
     <span class='ocr_line' id='line_1_16' title="bbox 108 1155 2536 1222; baseline 0 -22"><span class='ocrx_word' id='word_1_142' title='bbox 108 1171 296 1219; x_wconf 59' lang='lat' dir='ltr'><strong>resque</strong></span> <span class='ocrx_word' id='word_1_143' title='bbox 334 1173 390 1202; x_wconf 87' lang='lat' dir='ltr'><strong>ac</strong></span> <span class='ocrx_word' id='word_1_144' title='bbox 426 1168 547 1218; x_wconf 85' lang='lat' dir='ltr'><strong>post</strong></span> <span class='ocrx_word' id='word_1_145' title='bbox 581 1155 807 1202; x_wconf 86' lang='lat' dir='ltr'><strong>medium</strong></span> <span class='ocrx_word' id='word_1_146' title='bbox 845 1166 1084 1202; x_wconf 85' lang='lat' dir='ltr'><strong>truncum</strong></span> <span class='ocrx_word' id='word_1_147' title='bbox 1124 1157 1319 1200; x_wconf 85' lang='lat' dir='ltr'><strong>iterum</strong></span> <span class='ocrx_word' id='word_1_148' title='bbox 1359 1155 1631 1204; x_wconf 85' lang='lat' dir='ltr'><strong>breviores</strong></span> <span class='ocrx_word' id='word_1_149' title='bbox 1667 1155 1819 1206; x_wconf 80' lang='lat' dir='ltr'><strong>fiunt.</strong></span> <span class='ocrx_word' id='word_1_150' title='bbox 1894 1158 2040 1222; x_wconf 70' lang='lat' dir='ltr'><strong>Quae</strong></span> <span class='ocrx_word' id='word_1_151' title='bbox 2068 1156 2400 1218; x_wconf 74' lang='lat' dir='ltr'><strong>propriarum</strong></span> <span class='ocrx_word' id='word_1_152' title='bbox 2442 1156 2536 1201; x_wconf 86' lang='lat' dir='ltr'><strong>hu·</strong></span> 
     </span>
     <span class='ocr_line' id='line_1_17' title="bbox 107 1222 2535 1286; baseline 0.001 -19"><span class='ocrx_word' id='word_1_153' title='bbox 107 1225 185 1268; x_wconf 90' lang='lat' dir='ltr'><strong>ius</strong></span> <span class='ocrx_word' id='word_1_154' title='bbox 226 1227 453 1286; x_wconf 75' lang='lat' dir='ltr'><strong>regionis</strong></span> <span class='ocrx_word' id='word_1_155' title='bbox 493 1234 748 1272; x_wconf 68' lang='lat' dir='ltr'><strong>costarum</strong></span> <span class='ocrx_word' id='word_1_156' title='bbox 789 1223 1005 1270; x_wconf 83' lang='lat' dir='ltr'><strong>directio</strong></span> <span class='ocrx_word' id='word_1_157' title='bbox 1045 1224 1134 1279; x_wconf 87' lang='lat' dir='ltr'><strong>sit,</strong></span> <span class='ocrx_word' id='word_1_158' title='bbox 1189 1232 1371 1270; x_wconf 86' lang='lat' dir='ltr'><strong>notum</strong></span> <span class='ocrx_word' id='word_1_159' title='bbox 1421 1235 1525 1278; x_wconf 85' lang='lat' dir='ltr'><strong>est,</strong></span> <span class='ocrx_word' id='word_1_160' title='bbox 1595 1239 1693 1270; x_wconf 90' lang='lat' dir='ltr'><strong>nec</strong></span> <span class='ocrx_word' id='word_1_161' title='bbox 1738 1227 1906 1270; x_wconf 87' lang='lat' dir='ltr'><strong>minus</strong></span> <span class='ocrx_word' id='word_1_162' title='bbox 1956 1239 2038 1270; x_wconf 82' lang='lat' dir='ltr'><strong>eas</strong></span> <span class='ocrx_word' id='word_1_163' title='bbox 2084 1223 2217 1268; x_wconf 80' lang='lat' dir='ltr'><strong>infra</strong></span> <span class='ocrx_word' id='word_1_164' title='bbox 2268 1222 2320 1268; x_wconf 88' lang='lat' dir='ltr'><strong>in</strong></span> <span class='ocrx_word' id='word_1_165' title='bbox 2369 1224 2535 1270; x_wconf 81' lang='lat' dir='ltr'><strong>cauda</strong></span> 
     </span>
     <span class='ocr_line' id='line_1_18' title="bbox 110 1289 2538 1355; baseline 0.001 -21"><span class='ocrx_word' id='word_1_166' title='bbox 110 1289 298 1338; x_wconf 86' lang='lat' dir='ltr'><strong>eodem</strong></span> <span class='ocrx_word' id='word_1_167' title='bbox 334 1291 446 1338; x_wconf 74' lang='lat' dir='ltr'><strong>lere</strong></span> <span class='ocrx_word' id='word_1_168' title='bbox 480 1291 640 1338; x_wconf 85' lang='lat' dir='ltr'><strong>modo</strong></span> <span class='ocrx_word' id='word_1_169' title='bbox 677 1307 736 1338; x_wconf 82' lang='lat' dir='ltr'><strong>ac</strong></span> <span class='ocrx_word' id='word_1_170' title='bbox 772 1306 931 1354; x_wconf 75' lang='lat' dir='ltr'><strong>supra</strong></span> <span class='ocrx_word' id='word_1_171' title='bbox 971 1304 1238 1352; x_wconf 81' lang='lat' dir='ltr'><strong>processus</strong></span> <span class='ocrx_word' id='word_1_172' title='bbox 1273 1293 1508 1355; x_wconf 84' lang='lat' dir='ltr'><strong>spinosos</strong></span> <span class='ocrx_word' id='word_1_173' title='bbox 1543 1307 1885 1349; x_wconf 86' lang='lat' dir='ltr'><strong>concurrere,</strong></span> <span class='ocrx_word' id='word_1_174' title='bbox 1942 1290 2276 1354; x_wconf 86' lang='lat' dir='ltr'><strong>canalemque</strong></span> <span class='ocrx_word' id='word_1_175' title='bbox 2314 1292 2449 1337; x_wconf 86' lang='lat' dir='ltr'><strong>inter</strong></span> <span class='ocrx_word' id='word_1_176' title='bbox 2485 1307 2538 1337; x_wconf 77' lang='lat' dir='ltr'><strong>se</strong></span> 
     </span>
     <span class='ocr_line' id='line_1_19' title="bbox 109 1357 705 1424; baseline 0.003 -21"><span class='ocrx_word' id='word_1_177' title='bbox 109 1369 286 1404; x_wconf 80' lang='lat' dir='ltr'><strong>aortae</strong></span> <span class='ocrx_word' id='word_1_178' title='bbox 322 1357 705 1424; x_wconf 80' lang='lat' dir='ltr'><strong>relinquere.*)</strong></span> 
     </span>
    </p>

    <p class='ocr_par' dir='ltr' id='par_1_3' title="bbox 34 1423 2535 1964">
     <span class='ocr_line' id='line_1_20' title="bbox 240 1423 2534 1492; baseline -0 -22"><span class='ocrx_word' id='word_1_179' title='bbox 240 1425 382 1472; x_wconf 89' lang='lat' dir='ltr'><strong>Dum</strong></span> <span class='ocrx_word' id='word_1_180' title='bbox 417 1427 578 1492; x_wconf 76' lang='lat' dir='ltr'><strong>igitur</strong></span> <span class='ocrx_word' id='word_1_181' title='bbox 611 1442 774 1474; x_wconf 84' lang='lat' dir='ltr'><strong>massa</strong></span> <span class='ocrx_word' id='word_1_182' title='bbox 804 1424 1131 1490; x_wconf 75' lang='lat' dir='ltr'><strong>cartilaginea</strong></span> <span class='ocrx_word' id='word_1_183' title='bbox 1173 1441 1269 1490; x_wconf 89' lang='lat' dir='ltr'><strong>per</strong></span> <span class='ocrx_word' id='word_1_184' title='bbox 1313 1425 1547 1474; x_wconf 88' lang='lat' dir='ltr'><strong>foramen</strong></span> <span class='ocrx_word' id='word_1_185' title='bbox 1591 1442 1842 1490; x_wconf 82' lang='lat' dir='ltr'><strong>magnum</strong></span> <span class='ocrx_word' id='word_1_186' title='bbox 1891 1425 1946 1473; x_wconf 89' lang='lat' dir='ltr'><strong>in</strong></span> <span class='ocrx_word' id='word_1_187' title='bbox 1982 1423 2216 1472; x_wconf 81' lang='lat' dir='ltr'><strong>canalem</strong></span> <span class='ocrx_word' id='word_1_188' title='bbox 2269 1423 2534 1472; x_wconf 71' lang='lat' dir='ltr'><strong>vertebra·</strong></span> 
     </span>
     <span class='ocr_line' id='line_1_21' title="bbox 104 1491 2528 1559; baseline -0.001 -20"><span class='ocrx_word' id='word_1_189' title='bbox 104 1491 205 1540; x_wconf 87' lang='lat' dir='ltr'><strong>lem</strong></span> <span class='ocrx_word' id='word_1_190' title='bbox 261 1495 420 1542; x_wconf 81' lang='lat' dir='ltr'><strong>intrat</strong></span> <span class='ocrx_word' id='word_1_191' title='bbox 471 1495 651 1559; x_wconf 83' lang='lat' dir='ltr'><strong>ibique</strong></span> <span class='ocrx_word' id='word_1_192' title='bbox 695 1510 856 1559; x_wconf 85' lang='lat' dir='ltr'><strong>usque</strong></span> <span class='ocrx_word' id='word_1_193' title='bbox 913 1495 977 1541; x_wconf 84' lang='lat' dir='ltr'><strong>ad</strong></span> <span class='ocrx_word' id='word_1_194' title='bbox 1026 1502 1302 1539; x_wconf 84' lang='lat' dir='ltr'><strong>extremam</strong></span> <span class='ocrx_word' id='word_1_195' title='bbox 1354 1494 1574 1541; x_wconf 84' lang='lat' dir='ltr'><strong>caudam</strong></span> <span class='ocrx_word' id='word_1_196' title='bbox 1624 1493 1991 1558; x_wconf 78' lang='lat' dir='ltr'><strong>progreditur,</strong></span> <span class='ocrx_word' id='word_1_197' title='bbox 2057 1492 2208 1540; x_wconf 88' lang='lat' dir='ltr'><strong>simul</strong></span> <span class='ocrx_word' id='word_1_198' title='bbox 2255 1492 2338 1539; x_wconf 89' lang='lat' dir='ltr'><strong>hic</strong></span> <span class='ocrx_word' id='word_1_199' title='bbox 2383 1504 2528 1557; x_wconf 72' lang='lat' dir='ltr'><strong>tegu-</strong></span> 
     </span>
     <span class='ocr_line' id='line_1_22' title="bbox 102 1560 2535 1626; baseline -0.001 -20"><span class='ocrx_word' id='word_1_200' title='bbox 102 1570 335 1607; x_wconf 87' lang='lat' dir='ltr'><strong>mentum</strong></span> <span class='ocrx_word' id='word_1_201' title='bbox 385 1565 616 1626; x_wconf 85' lang='lat' dir='ltr'><strong>superius</strong></span> <span class='ocrx_word' id='word_1_202' title='bbox 682 1562 899 1616; x_wconf 82' lang='lat' dir='ltr'><strong>format,</strong></span> <span class='ocrx_word' id='word_1_203' title='bbox 973 1560 1114 1624; x_wconf 89' lang='lat' dir='ltr'><strong>quod</strong></span> <span class='ocrx_word' id='word_1_204' title='bbox 1176 1571 1399 1625; x_wconf 83' lang='lat' dir='ltr'><strong>utroque</strong></span> <span class='ocrx_word' id='word_1_205' title='bbox 1457 1562 1621 1609; x_wconf 79' lang='lat' dir='ltr'><strong>latere</strong></span> <span class='ocrx_word' id='word_1_206' title='bbox 1701 1565 1837 1608; x_wconf 88' lang='lat' dir='ltr'><strong>inter</strong></span> <span class='ocrx_word' id='word_1_207' title='bbox 1889 1561 2096 1609; x_wconf 85' lang='lat' dir='ltr'><strong>cristam</strong></span> <span class='ocrx_word' id='word_1_208' title='bbox 2151 1563 2408 1607; x_wconf 80' lang='lat' dir='ltr'><strong>internam</strong></span> <span class='ocrx_word' id='word_1_209' title='bbox 2458 1564 2535 1605; x_wconf 88' lang='lat' dir='ltr'><strong>la-</strong></span> 
     </span>
     <span class='ocr_line' id='line_1_23' title="bbox 106 1625 2534 1693; baseline 0 -20"><span class='ocrx_word' id='word_1_210' title='bbox 106 1629 416 1693; x_wconf 84' lang='lat' dir='ltr'><strong>mellamque</strong></span> <span class='ocrx_word' id='word_1_211' title='bbox 452 1641 741 1683; x_wconf 84' lang='lat' dir='ltr'><strong>externam,</strong></span> <span class='ocrx_word' id='word_1_212' title='bbox 778 1634 830 1677; x_wconf 90' lang='lat' dir='ltr'><strong>in</strong></span> <span class='ocrx_word' id='word_1_213' title='bbox 869 1642 1171 1693; x_wconf 87' lang='lat' dir='ltr'><strong>processum</strong></span> <span class='ocrx_word' id='word_1_214' title='bbox 1207 1632 1473 1691; x_wconf 88' lang='lat' dir='ltr'><strong>spinosum</strong></span> <span class='ocrx_word' id='word_1_215' title='bbox 1511 1629 1900 1692; x_wconf 76' lang='lat' dir='ltr'><strong>prolongatam,</strong></span> <span class='ocrx_word' id='word_1_216' title='bbox 1940 1629 2254 1681; x_wconf 78' lang='lat' dir='ltr'><strong>immittitur.</strong></span> <span class='ocrx_word' id='word_1_217' title='bbox 2338 1625 2439 1674; x_wconf 88' lang='lat' dir='ltr'><strong>Ubi</strong></span> <span class='ocrx_word' id='word_1_218' title='bbox 2470 1631 2534 1673; x_wconf 89' lang='lat' dir='ltr'><strong>la-</strong></span> 
     </span>
     <span class='ocr_line' id='line_1_24' title="bbox 34 1693 2533 1762; baseline -0 -22"><span class='ocrx_word' id='word_1_219' title='bbox 34 1693 40 1698; x_wconf 77' lang='grc'><strong>’</strong></span> <span class='ocrx_word' id='word_1_220' title='bbox 102 1696 273 1743; x_wconf 87' lang='lat' dir='ltr'><strong>minae</strong></span> <span class='ocrx_word' id='word_1_221' title='bbox 309 1714 419 1744; x_wconf 89' lang='lat' dir='ltr'><strong>sese</strong></span> <span class='ocrx_word' id='word_1_222' title='bbox 453 1696 770 1760; x_wconf 76' lang='lat' dir='ltr'><strong>marginibus</strong></span> <span class='ocrx_word' id='word_1_223' title='bbox 805 1715 912 1745; x_wconf 87' lang='lat' dir='ltr'><strong>non</strong></span> <span class='ocrx_word' id='word_1_224' title='bbox 937 1702 1176 1758; x_wconf 78' lang='lat' dir='ltr'><strong>tangunt,</strong></span> <span class='ocrx_word' id='word_1_225' title='bbox 1222 1713 1392 1742; x_wconf 86' lang='lat' dir='ltr'><strong>massa</strong></span> <span class='ocrx_word' id='word_1_226' title='bbox 1427 1697 1755 1762; x_wconf 52' lang='lat' dir='ltr'><strong>cartilaginea</strong></span> <span class='ocrx_word' id='word_1_227' title='bbox 1795 1698 1859 1744; x_wconf 84' lang='lat' dir='ltr'><strong>ad</strong></span> <span class='ocrx_word' id='word_1_228' title='bbox 1898 1697 2115 1743; x_wconf 88' lang='lat' dir='ltr'><strong>modum</strong></span> <span class='ocrx_word' id='word_1_229' title='bbox 2142 1694 2533 1753; x_wconf 83' lang='lat' dir='ltr'><strong>fonticulorum,</strong></span> 
     </span>
     <span class='ocr_line' id='line_1_25' title="bbox 104 1764 2535 1832; baseline -0.005 -23"><span class='ocrx_word' id='word_1_230' title='bbox 104 1774 162 1810; x_wconf 88' lang='lat' dir='ltr'><strong>ut</strong></span> <span class='ocrx_word' id='word_1_231' title='bbox 197 1764 251 1812; x_wconf 86' lang='lat' dir='ltr'><strong>in</strong></span> <span class='ocrx_word' id='word_1_232' title='bbox 293 1764 500 1824; x_wconf 80' lang='lat' dir='ltr'><strong>craniO,</strong></span> <span class='ocrx_word' id='word_1_233' title='bbox 549 1769 686 1811; x_wconf 84' lang='lat' dir='ltr'><strong>inter</strong></span> <span class='ocrx_word' id='word_1_234' title='bbox 726 1780 808 1813; x_wconf 84' lang='lat' dir='ltr'><strong>eas</strong></span> <span class='ocrx_word' id='word_1_235' title='bbox 847 1764 1156 1814; x_wconf 55' lang='lat' dir='ltr'><strong>extenditur·</strong></span> <span class='ocrx_word' id='word_1_236' title='bbox 1239 1764 1516 1812; x_wconf 88' lang='lat' dir='ltr'><strong>Processus</strong></span> <span class='ocrx_word' id='word_1_237' title='bbox 1557 1764 1749 1832; x_wconf 86' lang='lat' dir='ltr'><strong>spinosi</strong></span> <span class='ocrx_word' id='word_1_238' title='bbox 1799 1769 1947 1811; x_wconf 72' lang='lat' dir='ltr'><strong>altius</strong></span> <span class='ocrx_word' id='word_1_239' title='bbox 1988 1768 2267 1810; x_wconf 68' lang='lat' dir='ltr'><strong>eminentes</strong></span> <span class='ocrx_word' id='word_1_240' title='bbox 2319 1771 2368 1808; x_wconf 70' lang='lat' dir='ltr'><strong>et</strong></span> <span class='ocrx_word' id='word_1_241' title='bbox 2415 1778 2535 1807; x_wconf 84' lang='lat' dir='ltr'><strong>cou-</strong></span> 
     </span>
     <span class='ocr_line' id='line_1_26' title="bbox 106 1829 2533 1896; baseline -0.002 -18"><span class='ocrx_word' id='word_1_242' title='bbox 106 1834 366 1896; x_wconf 81' lang='lat' dir='ltr'><strong>vergendo</strong></span> <span class='ocrx_word' id='word_1_243' title='bbox 415 1841 816 1886; x_wconf 87' lang='lat' dir='ltr'><strong>concurrentes,</strong></span> <span class='ocrx_word' id='word_1_244' title='bbox 869 1837 1007 1880; x_wconf 83' lang='lat' dir='ltr'><strong>inter</strong></span> <span class='ocrx_word' id='word_1_245' title='bbox 1058 1848 1194 1896; x_wconf 87' lang='lat' dir='ltr'><strong>quos</strong></span> <span class='ocrx_word' id='word_1_246' title='bbox 1236 1831 1535 1879; x_wconf 84' lang='lat' dir='ltr'><strong>membrana</strong></span> <span class='ocrx_word' id='word_1_247' title='bbox 1589 1831 2157 1896; x_wconf 72' lang='lat' dir='ltr'><strong>cartilagineo-fibrosa</strong></span> <span class='ocrx_word' id='word_1_248' title='bbox 2208 1830 2272 1875; x_wconf 74' lang='lat' dir='ltr'><strong>acl</strong></span> <span class='ocrx_word' id='word_1_249' title='bbox 2321 1829 2533 1875; x_wconf 83' lang='lat' dir='ltr'><strong>modum</strong></span> 
     </span>
     <span class='ocr_line' id='line_1_27' title="bbox 51 1897 2531 1964; baseline -0.001 -18"><span class='ocrx_word' id='word_1_250' title='bbox 51 1960 53 1962; x_wconf 21' lang='grc' dir='ltr'>Ι</span> <span class='ocrx_word' id='word_1_251' title='bbox 102 1903 311 1964; x_wconf 84' lang='lat' dir='ltr'><strong>parietis</strong></span> <span class='ocrx_word' id='word_1_252' title='bbox 365 1901 637 1962; x_wconf 84' lang='lat' dir='ltr'><strong>panditur,</strong></span> <span class='ocrx_word' id='word_1_253' title='bbox 704 1916 820 1945; x_wconf 86' lang='lat' dir='ltr'><strong>cum</strong></span> <span class='ocrx_word' id='word_1_254' title='bbox 869 1909 1174 1963; x_wconf 82' lang='lat' dir='ltr'><strong>tegumento</strong></span> <span class='ocrx_word' id='word_1_255' title='bbox 1244 1903 1576 1963; x_wconf 82' lang='lat' dir='ltr'><strong>cartilagineo</strong></span> <span class='ocrx_word' id='word_1_256' title='bbox 1629 1899 1891 1947; x_wconf 83' lang='lat' dir='ltr'><strong>medullae</strong></span> <span class='ocrx_word' id='word_1_257' title='bbox 1942 1898 2152 1961; x_wconf 83' lang='lat' dir='ltr'><strong>spinalis</strong></span> <span class='ocrx_word' id='word_1_258' title='bbox 2213 1897 2531 1943; x_wconf 83' lang='lat' dir='ltr'><strong>horizontali</strong></span> 
     </span>
    </p>

    <p class='ocr_par' dir='ltr' id='par_1_4' title="bbox 104 1963 2530 2031">
     <span class='ocr_line' id='line_1_28' title="bbox 104 1963 2530 2031; baseline -0 -17"><span class='ocrx_word' id='word_1_259' title='bbox 104 1985 264 2030; x_wconf 82' lang='lat' dir='ltr'><strong>super</strong></span> <span class='ocrx_word' id='word_1_260' title='bbox 309 1985 368 2015; x_wconf 84' lang='lat' dir='ltr'><strong>ea</strong></span> <span class='ocrx_word' id='word_1_261' title='bbox 404 1971 639 2017; x_wconf 84' lang='lat' dir='ltr'><strong>canalem</strong></span> <span class='ocrx_word' id='word_1_262' title='bbox 676 1967 837 2014; x_wconf 87' lang='lat' dir='ltr'><strong>trium</strong></span> <span class='ocrx_word' id='word_1_263' title='bbox 877 1967 1100 2016; x_wconf 86' lang='lat' dir='ltr'><strong>laterum</strong></span> <span class='ocrx_word' id='word_1_264' title='bbox 1134 1968 1487 2031; x_wconf 79' lang='lat' dir='ltr'><strong>prismaticum</strong></span> <span class='ocrx_word' id='word_1_265' title='bbox 1519 1969 1768 2027; x_wconf 77' lang='lat' dir='ltr'><strong>formant,</strong></span> <span class='ocrx_word' id='word_1_266' title='bbox 1806 1967 1871 2015; x_wconf 90' lang='lat' dir='ltr'><strong>de</strong></span> <span class='ocrx_word' id='word_1_267' title='bbox 1909 1966 2052 2015; x_wconf 88' lang='lat' dir='ltr'><strong>cuius</strong></span> <span class='ocrx_word' id='word_1_268' title='bbox 2075 1980 2173 2015; x_wconf 84' lang='lat' dir='ltr'><strong>usu</strong></span> <span class='ocrx_word' id='word_1_269' title='bbox 2211 1965 2339 2013; x_wconf 86' lang='lat' dir='ltr'><strong>nihil</strong></span> <span class='ocrx_word' id='word_1_270' title='bbox 2364 1963 2530 2014; x_wconf 83' lang='lat' dir='ltr'><strong>habeo</strong></span> 
     </span>
    </p>
   </div>
   <div class='ocr_carea' id='block_1_3' title="bbox 103 2037 431 2101">
    <p class='ocr_par' dir='ltr' id='par_1_5' title="bbox 103 2037 431 2101">
     <span class='ocr_line' id='line_1_29' title="bbox 103 2037 431 2101; baseline 0.012 -18"><span class='ocrx_word' id='word_1_271' title='bbox 103 2037 380 2101; x_wconf 79' lang='lat' dir='ltr'><strong>cognitum</strong></span> <span class='ocrx_word' id='word_1_272' title='bbox 429 2084 431 2087; x_wconf 90' lang='lat'>.</span> 
     </span>
    </p>
   </div>
   <div class='ocr_carea' id='block_1_4' title="bbox 239 2156 2532 2306">
    <p class='ocr_par' dir='ltr' id='par_1_6' title="bbox 239 2156 2532 2306">
     <span class='ocr_line' id='line_1_30' title="bbox 1254 2156 1425 2220; baseline 0.006 -1"><span class='ocrx_word' id='word_1_273' title='bbox 1254 2156 1301 2219; x_wconf 72' lang='lat'><strong>§.</strong></span> <span class='ocrx_word' id='word_1_274' title='bbox 1372 2167 1425 2220; x_wconf 87' lang='lat'><strong>9·</strong></span> 
     </span>
     <span class='ocr_line' id='line_1_31' title="bbox 239 2234 2532 2306; baseline -0.002 -21"><span class='ocrx_word' id='word_1_275' title='bbox 239 2237 451 2304; x_wconf 77' lang='lat' dir='ltr'><strong>Aliquid</strong></span> <span class='ocrx_word' id='word_1_276' title='bbox 497 2240 701 2306; x_wconf 86' lang='lat' dir='ltr'><strong>proprii</strong></span> <span class='ocrx_word' id='word_1_277' title='bbox 746 2239 899 2287; x_wconf 81' lang='lat' dir='ltr'><strong>habet</strong></span> <span class='ocrx_word' id='word_1_278' title='bbox 936 2241 1094 2286; x_wconf 72' lang='lat' dir='ltr'><strong>etiam</strong></span> <span class='ocrx_word' id='word_1_279' title='bbox 1128 2249 1382 2287; x_wconf 86' lang='lat' dir='ltr'><strong>structura</strong></span> <span class='ocrx_word' id='word_1_280' title='bbox 1440 2236 1631 2285; x_wconf 87' lang='lat' dir='ltr'><strong>ossium</strong></span> <span class='ocrx_word' id='word_1_281' title='bbox 1682 2234 1939 2284; x_wconf 84' lang='lat' dir='ltr'><strong>branchiis</strong></span> <span class='ocrx_word' id='word_1_282' title='bbox 1990 2234 2326 2289; x_wconf 80' lang='lat' dir='ltr'><strong>fundamento</strong></span> <span class='ocrx_word' id='word_1_283' title='bbox 2376 2237 2532 2283; x_wconf 88' lang='lat' dir='ltr'><strong>inser-</strong></span> 
     </span>
    </p>
   </div>
   <div class='ocr_carea' id='block_1_5' title="bbox 105 2303 2532 2417">
    <p class='ocr_par' dir='ltr' id='par_1_7' title="bbox 105 2303 2532 2417">
     <span class='ocr_line' id='line_1_32' title="bbox 105 2303 2530 2374; baseline -0.001 -18"><span class='ocrx_word' id='word_1_284' title='bbox 105 2310 386 2365; x_wconf 75' lang='lat' dir='ltr'><strong>vientium,</strong></span> <span class='ocrx_word' id='word_1_285' title='bbox 425 2326 559 2374; x_wconf 83' lang='lat' dir='ltr'><strong>quae</strong></span> <span class='ocrx_word' id='word_1_286' title='bbox 597 2310 794 2358; x_wconf 85' lang='lat' dir='ltr'><strong>ossibus</strong></span> <span class='ocrx_word' id='word_1_287' title='bbox 828 2308 1124 2357; x_wconf 83' lang='lat' dir='ltr'><strong>lateralibus</strong></span> <span class='ocrx_word' id='word_1_288' title='bbox 1162 2308 1328 2357; x_wconf 81' lang='lat' dir='ltr'><strong>cranii</strong></span> <span class='ocrx_word' id='word_1_289' title='bbox 1360 2310 1539 2373; x_wconf 84' lang='lat' dir='ltr'><strong>aliquo</strong></span> <span class='ocrx_word' id='word_1_290' title='bbox 1575 2306 1738 2354; x_wconf 87' lang='lat' dir='ltr'><strong>modo</strong></span> <span class='ocrx_word' id='word_1_291' title='bbox 1790 2306 1966 2353; x_wconf 77' lang='lat' dir='ltr'><strong>similis</strong></span> <span class='ocrx_word' id='word_1_292' title='bbox 2010 2312 2101 2355; x_wconf 71' lang='lat' dir='ltr'><strong>est·</strong></span> <span class='ocrx_word' id='word_1_293' title='bbox 2182 2303 2279 2350; x_wconf 83' lang='lat' dir='ltr'><strong>Hic</strong></span> <span class='ocrx_word' id='word_1_294' title='bbox 2319 2318 2530 2368; x_wconf 77' lang='lat' dir='ltr'><strong>quoque</strong></span> 
     </span>
     <span class='ocr_line' id='line_1_33' title="bbox 2366 2386 2532 2417; baseline 0.006 -1"><span class='ocrx_word' id='word_1_295' title='bbox 2366 2386 2532 2417; x_wconf 86' lang='lat' dir='ltr'><strong>massa</strong></span> 
     </span>
    </p>
   </div>
   <div class='ocr_carea' id='block_1_6' title="bbox 107 2592 2530 3059">
    <p class='ocr_par' dir='ltr' id='par_1_8' title="bbox 107 2592 2530 3059">
     <span class='ocr_line' id='line_1_34' title="bbox 107 2592 2530 2656; baseline -0.002 -17"><span class='ocrx_word' id='word_1_296' title='bbox 107 2599 155 2656; x_wconf 41' lang='grc' dir='ltr'><strong>ἃ)</strong></span> <span class='ocrx_word' id='word_1_297' title='bbox 216 2597 292 2639; x_wconf 88' lang='lat' dir='ltr'><strong>De</strong></span> <span class='ocrx_word' id='word_1_298' title='bbox 326 2594 419 2637; x_wconf 82' lang='lat' dir='ltr'><strong>hac</strong></span> <span class='ocrx_word' id='word_1_299' title='bbox 454 2595 710 2638; x_wconf 83' lang='lat' dir='ltr'><strong>columnae</strong></span> <span class='ocrx_word' id='word_1_300' title='bbox 741 2594 1032 2638; x_wconf 82' lang='lat' dir='ltr'><strong>vertebralis</strong></span> <span class='ocrx_word' id='word_1_301' title='bbox 1065 2603 1316 2639; x_wconf 80' lang='lat' dir='ltr'><strong>structura</strong></span> <span class='ocrx_word' id='word_1_302' title='bbox 1350 2592 1512 2638; x_wconf 81' lang='lat' dir='ltr'><strong>adhue</strong></span> <span class='ocrx_word' id='word_1_303' title='bbox 1545 2594 1800 2652; x_wconf 78' lang='lat' dir='ltr'><strong>incognita</strong></span> <span class='ocrx_word' id='word_1_304' title='bbox 1832 2594 1990 2636; x_wconf 85' lang='lat' dir='ltr'><strong>fusius</strong></span> <span class='ocrx_word' id='word_1_305' title='bbox 2019 2594 2212 2636; x_wconf 86' lang='lat' dir='ltr'><strong>locutus</strong></span> <span class='ocrx_word' id='word_1_306' title='bbox 2244 2594 2366 2643; x_wconf 82' lang='lat' dir='ltr'><strong>sum,</strong></span> <span class='ocrx_word' id='word_1_307' title='bbox 2396 2592 2530 2649; x_wconf 85' lang='lat' dir='ltr'><strong>quod</strong></span> 
     </span>
     <span class='ocr_line' id='line_1_35' title="bbox 218 2651 2528 2709; baseline -0.002 -14"><span class='ocrx_word' id='word_1_308' title='bbox 218 2655 272 2695; x_wconf 85' lang='lat' dir='ltr'><strong>in</strong></span> <span class='ocrx_word' id='word_1_309' title='bbox 306 2656 510 2701; x_wconf 70' lang='lat' dir='ltr'><strong>duobus,</strong></span> <span class='ocrx_word' id='word_1_310' title='bbox 555 2669 677 2709; x_wconf 80' lang='lat' dir='ltr'><strong>quas</strong></span> <span class='ocrx_word' id='word_1_311' title='bbox 718 2663 834 2695; x_wconf 85' lang='lat' dir='ltr'><strong>ante</strong></span> <span class='ocrx_word' id='word_1_312' title='bbox 868 2654 1032 2695; x_wconf 84' lang='lat' dir='ltr'><strong>oculos</strong></span> <span class='ocrx_word' id='word_1_313' title='bbox 1073 2652 1256 2704; x_wconf 86' lang='lat' dir='ltr'><strong>habeo,</strong></span> <span class='ocrx_word' id='word_1_314' title='bbox 1302 2654 1470 2697; x_wconf 87' lang='lat' dir='ltr'><strong>sceleti</strong></span> <span class='ocrx_word' id='word_1_315' title='bbox 1503 2654 1649 2696; x_wconf 90' lang='lat' dir='ltr'><strong>Lucii</strong></span> <span class='ocrx_word' id='word_1_316' title='bbox 1681 2652 1893 2709; x_wconf 87' lang='lat' dir='ltr'><strong>picturis</strong></span> <span class='ocrx_word' id='word_1_317' title='bbox 1929 2654 2064 2704; x_wconf 78' lang='lat' dir='ltr'><strong>&lt;Ros</strong></span> <span class='ocrx_word' id='word_1_318' title='bbox 2114 2653 2146 2693; x_wconf 85' lang='lat'><strong>1.</strong></span> <span class='ocrx_word' id='word_1_319' title='bbox 2189 2667 2227 2693; x_wconf 88' lang='lat' dir='ltr'><strong>c.</strong></span> <span class='ocrx_word' id='word_1_320' title='bbox 2273 2652 2391 2692; x_wconf 84' lang='lat' dir='ltr'><strong>Tab.</strong></span> <span class='ocrx_word' id='word_1_321' title='bbox 2427 2651 2528 2696; x_wconf 79' lang='lat' dir='ltr'><strong>VH.</strong></span> 
     </span>
     <span class='ocr_line' id='line_1_36' title="bbox 221 2710 2529 2769; baseline -0.002 -14"><span class='ocrx_word' id='word_1_322' title='bbox 221 2712 400 2755; x_wconf 86' lang='lat' dir='ltr'><strong>Geoffr.</strong></span> <span class='ocrx_word' id='word_1_323' title='bbox 434 2710 617 2756; x_wconf 78' lang='lat' dir='ltr'><strong>Philos.</strong></span> <span class='ocrx_word' id='word_1_324' title='bbox 653 2720 872 2755; x_wconf 81' lang='lat' dir='ltr'><strong>anatem.</strong></span> <span class='ocrx_word' id='word_1_325' title='bbox 907 2712 1028 2755; x_wconf 84' lang='lat' dir='ltr'><strong>Tab.</strong></span> <span class='ocrx_word' id='word_1_326' title='bbox 1068 2716 1162 2765; x_wconf 82' lang='lat'>10.)</span> <span class='ocrx_word' id='word_1_327' title='bbox 1202 2728 1264 2754; x_wconf 89' lang='lat' dir='ltr'><strong>ne</strong></span> <span class='ocrx_word' id='word_1_328' title='bbox 1298 2712 1564 2769; x_wconf 82' lang='lat' dir='ltr'><strong>vestigium</strong></span> <span class='ocrx_word' id='word_1_329' title='bbox 1610 2711 1812 2768; x_wconf 87' lang='lat' dir='ltr'><strong>quidem</strong></span> <span class='ocrx_word' id='word_1_330' title='bbox 1857 2713 1961 2751; x_wconf 87' lang='lat' dir='ltr'><strong>eius</strong></span> <span class='ocrx_word' id='word_1_331' title='bbox 1995 2711 2067 2751; x_wconf 86' lang='lat' dir='ltr'><strong>rei</strong></span> <span class='ocrx_word' id='word_1_332' title='bbox 2101 2716 2279 2758; x_wconf 84' lang='lat' dir='ltr'><strong>exstat;</strong></span> <span class='ocrx_word' id='word_1_333' title='bbox 2325 2725 2414 2750; x_wconf 86' lang='lat' dir='ltr'><strong>nec</strong></span> <span class='ocrx_word' id='word_1_334' title='bbox 2458 2711 2529 2751; x_wconf 81' lang='lat' dir='ltr'><strong>fa·</strong></span> 
     </span>
     <span class='ocr_line' id='line_1_37' title="bbox 222 2760 2527 2825; baseline -0.001 -14"><span class='ocrx_word' id='word_1_335' title='bbox 222 2771 312 2812; x_wconf 86' lang='lat' dir='ltr'><strong>cile</strong></span> <span class='ocrx_word' id='word_1_336' title='bbox 344 2760 416 2812; x_wconf 59' lang='lat' dir='ltr'><strong>Est</strong></span> <span class='ocrx_word' id='word_1_337' title='bbox 444 2770 512 2811; x_wconf 82' lang='lat' dir='ltr'><strong>ita</strong></span> <span class='ocrx_word' id='word_1_338' title='bbox 545 2772 784 2814; x_wconf 77' lang='lat' dir='ltr'><strong>sceletum</strong></span> <span class='ocrx_word' id='word_1_339' title='bbox 818 2778 1057 2822; x_wconf 82' lang='lat' dir='ltr'><strong>tractare,</strong></span> <span class='ocrx_word' id='word_1_340' title='bbox 1098 2778 1155 2812; x_wconf 85' lang='lat' dir='ltr'><strong>ut</strong></span> <span class='ocrx_word' id='word_1_341' title='bbox 1188 2772 1318 2813; x_wconf 85' lang='lat' dir='ltr'><strong>clare</strong></span> <span class='ocrx_word' id='word_1_342' title='bbox 1370 2772 1536 2813; x_wconf 84' lang='lat' dir='ltr'><strong>omnia</strong></span> <span class='ocrx_word' id='word_1_343' title='bbox 1578 2771 1851 2813; x_wconf 84' lang='lat' dir='ltr'><strong>delineator</strong></span> <span class='ocrx_word' id='word_1_344' title='bbox 1889 2783 2164 2825; x_wconf 85' lang='lat' dir='ltr'><strong>proponere</strong></span> <span class='ocrx_word' id='word_1_345' title='bbox 2204 2768 2371 2824; x_wconf 79' lang='lat' dir='ltr'><strong>possit.</strong></span> <span class='ocrx_word' id='word_1_346' title='bbox 2448 2766 2527 2809; x_wconf 79' lang='lat' dir='ltr'><strong>Ad</strong></span> 
     </span>
     <span class='ocr_line' id='line_1_38' title="bbox 214 2825 2528 2884; baseline -0.002 -13"><span class='ocrx_word' id='word_1_347' title='bbox 214 2830 316 2871; x_wconf 82' lang='lat' dir='ltr'><strong>tale</strong></span> <span class='ocrx_word' id='word_1_348' title='bbox 340 2825 578 2871; x_wconf 81' lang='lat' dir='ltr'><strong>sceletum</strong></span> <span class='ocrx_word' id='word_1_349' title='bbox 604 2829 893 2884; x_wconf 82' lang='lat' dir='ltr'><strong>fingendum</strong></span> <span class='ocrx_word' id='word_1_350' title='bbox 922 2836 1064 2870; x_wconf 88' lang='lat' dir='ltr'><strong>caute</strong></span> <span class='ocrx_word' id='word_1_351' title='bbox 1096 2843 1224 2884; x_wconf 78' lang='lat' dir='ltr'><strong>aqua</strong></span> <span class='ocrx_word' id='word_1_352' title='bbox 1261 2829 1424 2871; x_wconf 85' lang='lat' dir='ltr'><strong>calida</strong></span> <span class='ocrx_word' id='word_1_353' title='bbox 1456 2830 1697 2870; x_wconf 82' lang='lat' dir='ltr'><strong>utendum</strong></span> <span class='ocrx_word' id='word_1_354' title='bbox 1732 2828 1808 2875; x_wconf 89' lang='lat' dir='ltr'><strong>sit,</strong></span> <span class='ocrx_word' id='word_1_355' title='bbox 1843 2828 1914 2868; x_wconf 84' lang='lat' dir='ltr'><strong>ita</strong></span> <span class='ocrx_word' id='word_1_356' title='bbox 1939 2838 2126 2877; x_wconf 79' lang='lat' dir='ltr'><strong>tamen,</strong></span> <span class='ocrx_word' id='word_1_357' title='bbox 2160 2835 2213 2867; x_wconf 90' lang='lat' dir='ltr'><strong>ut</strong></span> <span class='ocrx_word' id='word_1_358' title='bbox 2238 2841 2337 2868; x_wconf 87' lang='lat' dir='ltr'><strong>non</strong></span> <span class='ocrx_word' id='word_1_359' title='bbox 2364 2833 2528 2866; x_wconf 85' lang='lat' dir='ltr'><strong>totum</strong></span> 
     </span>
     <span class='ocr_line' id='line_1_39' title="bbox 216 2881 2527 2944; baseline -0.002 -16"><span class='ocrx_word' id='word_1_360' title='bbox 216 2887 569 2944; x_wconf 79' lang='lat' dir='ltr'><strong>immergatur,</strong></span> <span class='ocrx_word' id='word_1_361' title='bbox 604 2903 664 2929; x_wconf 84' lang='lat' dir='ltr'><strong>ne</strong></span> <span class='ocrx_word' id='word_1_362' title='bbox 686 2901 784 2927; x_wconf 87' lang='lat' dir='ltr'><strong>una</strong></span> <span class='ocrx_word' id='word_1_363' title='bbox 805 2887 879 2927; x_wconf 89' lang='lat' dir='ltr'><strong>vel</strong></span> <span class='ocrx_word' id='word_1_364' title='bbox 905 2887 1059 2927; x_wconf 83' lang='lat' dir='ltr'><strong>altera</strong></span> <span class='ocrx_word' id='word_1_365' title='bbox 1076 2901 1186 2941; x_wconf 87' lang='lat' dir='ltr'><strong>pars</strong></span> <span class='ocrx_word' id='word_1_366' title='bbox 1202 2896 1387 2942; x_wconf 86' lang='lat' dir='ltr'><strong>pereat.</strong></span> <span class='ocrx_word' id='word_1_367' title='bbox 1452 2887 1697 2943; x_wconf 80' lang='lat' dir='ltr'><strong>Spongiae</strong></span> <span class='ocrx_word' id='word_1_368' title='bbox 1730 2884 1998 2928; x_wconf 77' lang='lat' dir='ltr'><strong>officinalis</strong></span> <span class='ocrx_word' id='word_1_369' title='bbox 2032 2892 2079 2926; x_wconf 87' lang='lat' dir='ltr'><strong>et</strong></span> <span class='ocrx_word' id='word_1_370' title='bbox 2104 2885 2315 2940; x_wconf 85' lang='lat' dir='ltr'><strong>pectinis</strong></span> <span class='ocrx_word' id='word_1_371' title='bbox 2345 2881 2527 2925; x_wconf 83' lang='lat' dir='ltr'><strong>setacei</strong></span> 
     </span>
     <span class='ocr_line' id='line_1_40' title="bbox 219 2943 2526 3003; baseline 0 -18"><span class='ocrx_word' id='word_1_372' title='bbox 219 2943 415 3000; x_wconf 78' lang='lat' dir='ltr'><strong>parvuli</strong></span> <span class='ocrx_word' id='word_1_373' title='bbox 448 2959 537 2999; x_wconf 84' lang='lat' dir='ltr'><strong>ope</strong></span> <span class='ocrx_word' id='word_1_374' title='bbox 573 2946 780 3003; x_wconf 80' lang='lat' dir='ltr'><strong>singulis</strong></span> <span class='ocrx_word' id='word_1_375' title='bbox 807 2944 929 2986; x_wconf 87' lang='lat' dir='ltr'><strong>locis</strong></span> <span class='ocrx_word' id='word_1_376' title='bbox 964 2944 1209 3000; x_wconf 83' lang='lat' dir='ltr'><strong>applicari</strong></span> <span class='ocrx_word' id='word_1_377' title='bbox 1242 2943 1509 3001; x_wconf 84' lang='lat' dir='ltr'><strong>poterit.-——</strong></span> <span class='ocrx_word' id='word_1_378' title='bbox 1541 2945 1729 2986; x_wconf 85' lang='lat' dir='ltr'><strong>Similis</strong></span> <span class='ocrx_word' id='word_1_379' title='bbox 1763 2958 1875 2984; x_wconf 85' lang='lat' dir='ltr'><strong>vero</strong></span> <span class='ocrx_word' id='word_1_380' title='bbox 1912 2952 1984 2984; x_wconf 89' lang='lat' dir='ltr'><strong>est</strong></span> <span class='ocrx_word' id='word_1_381' title='bbox 2019 2943 2143 2986; x_wconf 87' lang='lat' dir='ltr'><strong>haec</strong></span> <span class='ocrx_word' id='word_1_382' title='bbox 2177 2944 2526 2987; x_wconf 73' lang='lat' dir='ltr'><strong>vertebrarum</strong></span> 
     </span>
     <span class='ocr_line' id='line_1_41' title="bbox 217 3001 2088 3059; baseline -0.001 -16"><span class='ocrx_word' id='word_1_383' title='bbox 217 3002 366 3046; x_wconf 79' lang='lat' dir='ltr'><strong>huius</strong></span> <span class='ocrx_word' id='word_1_384' title='bbox 400 3002 551 3059; x_wconf 85' lang='lat' dir='ltr'><strong>piscis</strong></span> <span class='ocrx_word' id='word_1_385' title='bbox 582 3011 835 3048; x_wconf 84' lang='lat' dir='ltr'><strong>structura</strong></span> <span class='ocrx_word' id='word_1_386' title='bbox 865 3002 932 3053; x_wconf 83' lang='lat' dir='ltr'><strong>ei,</strong></span> <span class='ocrx_word' id='word_1_387' title='bbox 976 3017 1127 3059; x_wconf 82' lang='lat' dir='ltr'><strong>quam</strong></span> <span class='ocrx_word' id='word_1_388' title='bbox 1161 3003 1343 3047; x_wconf 77' lang='lat' dir='ltr'><strong>Cuvier</strong></span> <span class='ocrx_word' id='word_1_389' title='bbox 1372 3004 1424 3046; x_wconf 78' lang='lat' dir='ltr'><strong>in</strong></span> <span class='ocrx_word' id='word_1_390' title='bbox 1440 3004 1704 3047; x_wconf 84' lang='lat' dir='ltr'><strong>Crocodilo</strong></span> <span class='ocrx_word' id='word_1_391' title='bbox 1737 3001 2088 3059; x_wconf 72' lang='lat' dir='ltr'><strong>descripsit.—</strong></span> 
     </span>
    </p>
   </div>
  </div>
 </body>
</html>
