<?xml version="1.0" encoding="UTF-8"?>
<!DOCTYPE html PUBLIC "-//W3C//DTD XHTML 1.0 Transitional//EN"
    "http://www.w3.org/TR/xhtml1/DTD/xhtml1-transitional.dtd">
<html xmlns="http://www.w3.org/1999/xhtml" xml:lang="en" lang="en">
 <head>
  <title>
</title>
<meta http-equiv="Content-Type" content="text/html;charset=utf-8" />
  <meta name='ocr-system' content='tesseract 3.04.00' />
  <meta name='ocr-capabilities' content='ocr_page ocr_carea ocr_par ocr_line ocrx_word'/>
</head>
<body>
  <div class='ocr_page' id='page_1' title='image "./decapitisosseies00aren_0016.png"; bbox 0 0 2643 3292; ppageno 0'>
   <div class='ocr_carea' id='block_1_1' title="bbox 104 113 1513 175">
    <p class='ocr_par' dir='ltr' id='par_1_1' title="bbox 104 113 1513 175">
     <span class='ocr_line' id='line_1_1' title="bbox 104 113 1513 175; baseline -0.008 -1"><span class='ocrx_word' id='word_1_1' title='bbox 104 113 185 175; x_wconf 83' lang='lat'>12</span> <span class='ocrx_word' id='word_1_2' title='bbox 1155 132 1473 154; x_wconf 72' lang='lat'>-—-›-—-</span> <span class='ocrx_word' id='word_1_3' title='bbox 1510 162 1513 163; x_wconf 8' lang='lat' dir='ltr'>a</span> 
     </span>
    </p>
   </div>
   <div class='ocr_carea' id='block_1_2' title="bbox 105 240 2530 1600">
    <p class='ocr_par' dir='ltr' id='par_1_2' title="bbox 105 240 2524 784">
     <span class='ocr_line' id='line_1_2' title="bbox 106 240 2521 312; baseline 0.003 -20"><span class='ocrx_word' id='word_1_4' title='bbox 106 255 164 292; x_wconf 76' lang='lat' dir='ltr'>ut</span> <span class='ocrx_word' id='word_1_5' title='bbox 204 240 353 290; x_wconf 75' lang='lat' dir='ltr'>ambo</span> <span class='ocrx_word' id='word_1_6' title='bbox 397 241 677 304; x_wconf 78' lang='lat' dir='ltr'>hemicycli</span> <span class='ocrx_word' id='word_1_7' title='bbox 722 259 851 290; x_wconf 86' lang='lat' dir='ltr'>unus</span> <span class='ocrx_word' id='word_1_8' title='bbox 902 243 1114 290; x_wconf 72' lang='lat' dir='ltr'>alterum</span> <span class='ocrx_word' id='word_1_9' title='bbox 1171 259 1347 290; x_wconf 82' lang='lat' dir='ltr'>versus</span> <span class='ocrx_word' id='word_1_10' title='bbox 1396 245 1674 302; x_wconf 72' lang='lat' dir='ltr'>inclinent,</span> <span class='ocrx_word' id='word_1_11' title='bbox 1726 254 1878 312; x_wconf 78' lang='lat' dir='ltr'>atque</span> <span class='ocrx_word' id='word_1_12' title='bbox 1932 248 2277 311; x_wconf 64' lang='lat' dir='ltr'>cartilaginem</span> <span class='ocrx_word' id='word_1_13' title='bbox 2322 253 2521 312; x_wconf 78' lang='lat' dir='ltr'>promi·</span> 
     </span>
     <span class='ocr_line' id='line_1_3' title="bbox 107 311 2523 381; baseline 0.002 -23"><span class='ocrx_word' id='word_1_14' title='bbox 107 322 317 358; x_wconf 86' lang='lat' dir='ltr'>nentem</span> <span class='ocrx_word' id='word_1_15' title='bbox 353 312 490 356; x_wconf 86' lang='lat' dir='ltr'>inter</span> <span class='ocrx_word' id='word_1_16' title='bbox 515 327 566 358; x_wconf 88' lang='lat' dir='ltr'>se</span> <span class='ocrx_word' id='word_1_17' title='bbox 594 313 863 374; x_wconf 79' lang='lat' dir='ltr'>excipiant.</span> <span class='ocrx_word' id='word_1_18' title='bbox 938 313 992 356; x_wconf 83' lang='lat' dir='ltr'>ln</span> <span class='ocrx_word' id='word_1_19' title='bbox 1033 311 1288 359; x_wconf 79' lang='lat' dir='ltr'>anteriore</span> <span class='ocrx_word' id='word_1_20' title='bbox 1321 328 1492 374; x_wconf 78' lang='lat' dir='ltr'>paene</span> <span class='ocrx_word' id='word_1_21' title='bbox 1530 319 1849 361; x_wconf 65' lang='lat' dir='ltr'>extremitate</span> <span class='ocrx_word' id='word_1_22' title='bbox 1886 318 2194 381; x_wconf 61' lang='lat' dir='ltr'>cartilaginis</span> <span class='ocrx_word' id='word_1_23' title='bbox 2234 318 2297 363; x_wconf 80' lang='lat' dir='ltr'>ad</span> <span class='ocrx_word' id='word_1_24' title='bbox 2328 330 2523 364; x_wconf 57' lang='lat' dir='ltr'>uti-uina·</span> 
     </span>
     <span class='ocr_line' id='line_1_4' title="bbox 111 378 2521 445; baseline 0.004 -23"><span class='ocrx_word' id='word_1_25' title='bbox 111 382 388 443; x_wconf 85' lang='lat' dir='ltr'>que·latus</span> <span class='ocrx_word' id='word_1_26' title='bbox 425 395 479 424; x_wconf 90' lang='lat' dir='ltr'>os</span> <span class='ocrx_word' id='word_1_27' title='bbox 515 378 678 426; x_wconf 88' lang='lat' dir='ltr'>simile</span> <span class='ocrx_word' id='word_1_28' title='bbox 717 380 863 441; x_wconf 79' lang='lat' dir='ltr'>(Ros.</span> <span class='ocrx_word' id='word_1_29' title='bbox 901 381 987 425; x_wconf 86' lang='lat' dir='ltr'>tab</span> <span class='ocrx_word' id='word_1_30' title='bbox 1030 378 1146 432; x_wconf 74' lang='lat' dir='ltr'>Vll,</span> <span class='ocrx_word' id='word_1_31' title='bbox 1186 380 1278 443; x_wconf 71' lang='lat' dir='ltr'>fig,</span> <span class='ocrx_word' id='word_1_32' title='bbox 1325 394 1404 431; x_wconf 68' lang='lat'>10.</span> <span class='ocrx_word' id='word_1_33' title='bbox 1450 393 1495 434; x_wconf 69' lang='grc' dir='ltr'>Ι,</span> <span class='ocrx_word' id='word_1_34' title='bbox 1536 397 1599 439; x_wconf 83' lang='lat' dir='ltr'>a,</span> <span class='ocrx_word' id='word_1_35' title='bbox 1650 385 1790 445; x_wconf 57' lang='lat' dir='ltr'>quod</span> <span class='ocrx_word' id='word_1_36' title='bbox 1820 388 2021 445; x_wconf 79' lang='lat' dir='ltr'>signum</span> <span class='ocrx_word' id='word_1_37' title='bbox 2068 398 2114 432; x_wconf 84' lang='lat' dir='ltr'>et</span> <span class='ocrx_word' id='word_1_38' title='bbox 2150 401 2281 432; x_wconf 83' lang='lat' dir='ltr'>ame</span> <span class='ocrx_word' id='word_1_39' title='bbox 2320 383 2521 431; x_wconf 79' lang='lat' dir='ltr'>adhibi-</span> 
     </span>
     <span class='ocr_line' id='line_1_5' title="bbox 108 446 2524 515; baseline 0.002 -23"><span class='ocrx_word' id='word_1_40' title='bbox 108 451 245 510; x_wconf 81' lang='lat' dir='ltr'>tum)</span> <span class='ocrx_word' id='word_1_41' title='bbox 298 457 536 508; x_wconf 80' lang='lat' dir='ltr'>apparet,</span> <span class='ocrx_word' id='word_1_42' title='bbox 587 447 730 511; x_wconf 87' lang='lat' dir='ltr'>quod</span> <span class='ocrx_word' id='word_1_43' title='bbox 767 451 975 493; x_wconf 85' lang='lat' dir='ltr'>unicum</span> <span class='ocrx_word' id='word_1_44' title='bbox 1014 447 1138 508; x_wconf 82' lang='lat' dir='ltr'>Spix</span> <span class='ocrx_word' id='word_1_45' title='bbox 1174 446 1430 510; x_wconf 67' lang='lat' dir='ltr'>neglexit,</span> <span class='ocrx_word' id='word_1_46' title='bbox 1479 459 1617 496; x_wconf 76' lang='lat' dir='ltr'>certe</span> <span class='ocrx_word' id='word_1_47' title='bbox 1656 454 1708 494; x_wconf 90' lang='lat' dir='ltr'>in</span> <span class='ocrx_word' id='word_1_48' title='bbox 1744 449 1929 497; x_wconf 84' lang='lat' dir='ltr'>tabulis</span> <span class='ocrx_word' id='word_1_49' title='bbox 1968 468 2073 498; x_wconf 89' lang='lat' dir='ltr'>non</span> <span class='ocrx_word' id='word_1_50' title='bbox 2113 453 2371 515; x_wconf 81' lang='lat' dir='ltr'>depinxit,</span> <span class='ocrx_word' id='word_1_51' title='bbox 2433 468 2524 498; x_wconf 82' lang='lat' dir='ltr'>ex-</span> 
     </span>
     <span class='ocr_line' id='line_1_6' title="bbox 105 514 2521 583; baseline 0 -21"><span class='ocrx_word' id='word_1_52' title='bbox 105 524 263 575; x_wconf 79' lang='lat' dir='ltr'>·cepto</span> <span class='ocrx_word' id='word_1_53' title='bbox 300 514 486 575; x_wconf 87' lang='lat' dir='ltr'>Bojani</span> <span class='ocrx_word' id='word_1_54' title='bbox 519 515 1144 562; x_wconf 62' lang='lat' dir='ltr'>mastoicleo-accessorjo</span> <span class='ocrx_word' id='word_1_55' title='bbox 1188 516 1280 577; x_wconf 73' lang='lat'>(1¹5</span> <span class='ocrx_word' id='word_1_56' title='bbox 1317 516 1462 577; x_wconf 87' lang='lat' dir='ltr'>Boj.)</span> <span class='ocrx_word' id='word_1_57' title='bbox 1526 516 1748 563; x_wconf 84' lang='lat' dir='ltr'>Videtur</span> <span class='ocrx_word' id='word_1_58' title='bbox 1783 518 1910 563; x_wconf 87' lang='lat' dir='ltr'>mihi</span> <span class='ocrx_word' id='word_1_59' title='bbox 1945 523 2200 583; x_wconf 79' lang='lat' dir='ltr'>analogon</span> <span class='ocrx_word' id='word_1_60' title='bbox 2242 535 2351 565; x_wconf 82' lang='lat' dir='ltr'>esse</span> <span class='ocrx_word' id='word_1_61' title='bbox 2388 535 2521 564; x_wconf 84' lang='lat' dir='ltr'>con-</span> 
     </span>
     <span class='ocr_line' id='line_1_7' title="bbox 108 580 2522 650; baseline 0.002 -22"><span class='ocrx_word' id='word_1_62' title='bbox 108 580 218 641; x_wconf 83' lang='lat' dir='ltr'>dyli</span> <span class='ocrx_word' id='word_1_63' title='bbox 256 584 380 628; x_wconf 87' lang='lat' dir='ltr'>ossis</span> <span class='ocrx_word' id='word_1_64' title='bbox 421 587 646 630; x_wconf 81' lang='lat' dir='ltr'>vomeris</span> <span class='ocrx_word' id='word_1_65' title='bbox 681 582 734 630; x_wconf 89' lang='lat' dir='ltr'>in</span> <span class='ocrx_word' id='word_1_66' title='bbox 775 582 1009 645; x_wconf 83' lang='lat' dir='ltr'>Cyprinis</span> <span class='ocrx_word' id='word_1_67' title='bbox 1051 583 1203 644; x_wconf 41' lang='lat' dir='ltr'>(Ros⁴</span> <span class='ocrx_word' id='word_1_68' title='bbox 1247 582 1457 634; x_wconf 80' lang='lat' dir='ltr'>tab.111.</span> <span class='ocrx_word' id='word_1_69' title='bbox 1492 583 1650 646; x_wconf 62' lang='lat' dir='ltr'>fig01.</span> <span class='ocrx_word' id='word_1_70' title='bbox 1689 601 1735 634; x_wconf 77' lang='lat' dir='ltr'>a.</span> <span class='ocrx_word' id='word_1_71' title='bbox 1761 613 1820 622; x_wconf 90' lang='lat'><em>-</em></span> <span class='ocrx_word' id='word_1_72' title='bbox 1849 583 1955 645; x_wconf 80' lang='lat' dir='ltr'>Boj.</span> <span class='ocrx_word' id='word_1_73' title='bbox 1992 586 2024 638; x_wconf 80' lang='lat' dir='ltr'>l.</span> <span class='ocrx_word' id='word_1_74' title='bbox 2067 606 2113 638; x_wconf 75' lang='lat' dir='ltr'>c.</span> <span class='ocrx_word' id='word_1_75' title='bbox 2158 588 2245 648; x_wconf 79' lang='grc'>12)</span> <span class='ocrx_word' id='word_1_76' title='bbox 2287 586 2431 650; x_wconf 78' lang='lat' dir='ltr'>quod</span> <span class='ocrx_word' id='word_1_77' title='bbox 2468 584 2522 631; x_wconf 82' lang='lat' dir='ltr'>in</span> 
     </span>
     <span class='ocr_line' id='line_1_8' title="bbox 108 649 2524 715; baseline 0 -19"><span class='ocrx_word' id='word_1_78' title='bbox 108 649 372 712; x_wconf 84' lang='lat' dir='ltr'>Carpione</span> <span class='ocrx_word' id='word_1_79' title='bbox 411 649 689 697; x_wconf 78' lang='lat' dir='ltr'>admodum</span> <span class='ocrx_word' id='word_1_80' title='bbox 728 654 867 715; x_wconf 87' lang='lat' dir='ltr'>pullo</span> <span class='ocrx_word' id='word_1_81' title='bbox 907 664 1198 711; x_wconf 84' lang='lat' dir='ltr'>separatum</span> <span class='ocrx_word' id='word_1_82' title='bbox 1235 653 1433 702; x_wconf 76' lang='lat' dir='ltr'>inveni.</span> <span class='ocrx_word' id='word_1_83' title='bbox 1502 652 1568 708; x_wconf 80' lang='lat' dir='ltr'>Et</span> <span class='ocrx_word' id='word_1_84' title='bbox 1607 667 1793 698; x_wconf 87' lang='lat' dir='ltr'>revera</span> <span class='ocrx_word' id='word_1_85' title='bbox 1831 653 2000 699; x_wconf 85' lang='lat' dir='ltr'>eidem</span> <span class='ocrx_word' id='word_1_86' title='bbox 2034 658 2149 701; x_wconf 89' lang='lat' dir='ltr'>usui</span> <span class='ocrx_word' id='word_1_87' title='bbox 2195 655 2424 707; x_wconf 79' lang='lat' dir='ltr'>inservit,</span> <span class='ocrx_word' id='word_1_88' title='bbox 2461 659 2524 699; x_wconf 78' lang='lat' dir='ltr'>&#39;ut</span> 
     </span>
     <span class='ocr_line' id='line_1_9' title="bbox 109 719 1777 784; baseline 0.001 -23"><span class='ocrx_word' id='word_1_89' title='bbox 109 734 225 764; x_wconf 83' lang='lat' dir='ltr'>cum</span> <span class='ocrx_word' id='word_1_90' title='bbox 263 731 379 763; x_wconf 84' lang='lat' dir='ltr'>osse</span> <span class='ocrx_word' id='word_1_91' title='bbox 415 720 817 782; x_wconf 75' lang='lat' dir='ltr'>supramaxillari</span> <span class='ocrx_word' id='word_1_92' title='bbox 851 721 1170 767; x_wconf 79' lang='lat' dir='ltr'>tenaciorem</span> <span class='ocrx_word' id='word_1_93' title='bbox 1207 719 1525 784; x_wconf 76' lang='lat' dir='ltr'>ginglymum</span> <span class='ocrx_word' id='word_1_94' title='bbox 1571 721 1777 769; x_wconf 75' lang='lat' dir='ltr'>formet.</span> 
     </span>
    </p>

    <p class='ocr_par' dir='ltr' id='par_1_3' title="bbox 105 786 2530 1600">
     <span class='ocr_line' id='line_1_10' title="bbox 243 786 2523 852; baseline 0.001 -20"><span class='ocrx_word' id='word_1_95' title='bbox 243 787 352 832; x_wconf 87' lang='lat' dir='ltr'>Iam</span> <span class='ocrx_word' id='word_1_96' title='bbox 392 792 570 835; x_wconf 83' lang='lat' dir='ltr'>cranio</span> <span class='ocrx_word' id='word_1_97' title='bbox 622 803 648 833; x_wconf 86' lang='lat' dir='ltr'>e</span> <span class='ocrx_word' id='word_1_98' title='bbox 684 786 845 832; x_wconf 87' lang='lat' dir='ltr'>latere</span> <span class='ocrx_word' id='word_1_99' title='bbox 895 786 1135 848; x_wconf 83' lang='lat' dir='ltr'>adspecto</span> <span class='ocrx_word' id='word_1_100' title='bbox 1183 797 1425 851; x_wconf 81' lang='lat' dir='ltr'>apparet,</span> <span class='ocrx_word' id='word_1_101' title='bbox 1491 801 1546 835; x_wconf 87' lang='lat' dir='ltr'>ut</span> <span class='ocrx_word' id='word_1_102' title='bbox 1579 789 1720 834; x_wconf 88' lang='lat' dir='ltr'>locus</span> <span class='ocrx_word' id='word_1_103' title='bbox 1759 792 2005 852; x_wconf 80' lang='lat' dir='ltr'>angustus</span> <span class='ocrx_word' id='word_1_104' title='bbox 2042 791 2349 852; x_wconf 76' lang='lat' dir='ltr'>cartilaginis</span> <span class='ocrx_word' id='word_1_105' title='bbox 2389 792 2523 838; x_wconf 81' lang='lat' dir='ltr'>inter</span> 
     </span>
     <span class='ocr_line' id='line_1_11' title="bbox 110 853 2523 919; baseline 0 -17"><span class='ocrx_word' id='word_1_106' title='bbox 110 853 174 902; x_wconf 76' lang='lat'>23</span> <span class='ocrx_word' id='word_1_107' title='bbox 228 861 280 897; x_wconf 82' lang='lat' dir='ltr'>et</span> <span class='ocrx_word' id='word_1_108' title='bbox 316 857 545 899; x_wconf 81' lang='lat' dir='ltr'>cranium</span> <span class='ocrx_word' id='word_1_109' title='bbox 593 872 645 901; x_wconf 86' lang='lat' dir='ltr'>se</span> <span class='ocrx_word' id='word_1_110' title='bbox 695 862 755 902; x_wconf 84' lang='lat' dir='ltr'>ut</span> <span class='ocrx_word' id='word_1_111' title='bbox 789 853 977 902; x_wconf 86' lang='lat' dir='ltr'>lamina</span> <span class='ocrx_word' id='word_1_112' title='bbox 1013 855 1451 919; x_wconf 83' lang='lat' dir='ltr'>perpendicularis</span> <span class='ocrx_word' id='word_1_113' title='bbox 1494 856 1732 903; x_wconf 85' lang='lat' dir='ltr'>deorsum</span> <span class='ocrx_word' id='word_1_114' title='bbox 1778 857 2017 902; x_wconf 85' lang='lat' dir='ltr'>extendat</span> <span class='ocrx_word' id='word_1_115' title='bbox 2056 859 2120 903; x_wconf 87' lang='lat' dir='ltr'>ad</span> <span class='ocrx_word' id='word_1_116' title='bbox 2157 858 2523 903; x_wconf 78' lang='lat' dir='ltr'>intermediam</span> 
     </span>
     <span class='ocr_line' id='line_1_12' title="bbox 109 919 2522 988; baseline 0.002 -22"><span class='ocrx_word' id='word_1_117' title='bbox 109 923 341 982; x_wconf 78' lang='lat' dir='ltr'>corporis</span> <span class='ocrx_word' id='word_1_118' title='bbox 377 919 710 981; x_wconf 73' lang='lat' dir='ltr'>sphenoidei,</span> <span class='ocrx_word' id='word_1_119' title='bbox 758 922 848 966; x_wconf 86' lang='lat' dir='ltr'>ubi</span> <span class='ocrx_word' id='word_1_120' title='bbox 882 922 983 970; x_wconf 89' lang='lat' dir='ltr'>hoc</span> <span class='ocrx_word' id='word_1_121' title='bbox 1020 923 1217 971; x_wconf 79' lang='lat' dir='ltr'>cristam</span> <span class='ocrx_word' id='word_1_122' title='bbox 1266 923 1446 981; x_wconf 80' lang='lat' dir='ltr'>habet,</span> <span class='ocrx_word' id='word_1_123' title='bbox 1497 940 1653 988; x_wconf 83' lang='lat' dir='ltr'>quarn</span> <span class='ocrx_word' id='word_1_124' title='bbox 1702 928 1838 969; x_wconf 86' lang='lat' dir='ltr'>inter</span> <span class='ocrx_word' id='word_1_125' title='bbox 1889 935 1938 969; x_wconf 87' lang='lat' dir='ltr'>et</span> <span class='ocrx_word' id='word_1_126' title='bbox 1976 925 2198 971; x_wconf 78' lang='lat' dir='ltr'>suturam</span> <span class='ocrx_word' id='word_1_127' title='bbox 2245 925 2522 971; x_wconf 82' lang='lat' dir='ltr'>frontalem</span> 
     </span>
     <span class='ocr_line' id='line_1_13' title="bbox 108 986 2525 1056; baseline 0.001 -22"><span class='ocrx_word' id='word_1_128' title='bbox 108 988 296 1034; x_wconf 80' lang='lat' dir='ltr'>eodem</span> <span class='ocrx_word' id='word_1_129' title='bbox 333 986 444 1035; x_wconf 76' lang='lat' dir='ltr'>fere</span> <span class='ocrx_word' id='word_1_130' title='bbox 478 991 637 1036; x_wconf 85' lang='lat' dir='ltr'>modo</span> <span class='ocrx_word' id='word_1_131' title='bbox 675 988 986 1051; x_wconf 73' lang='lat' dir='ltr'>expanditur</span> <span class='ocrx_word' id='word_1_132' title='bbox 1022 1003 1180 1056; x_wconf 82' lang='lat' dir='ltr'>atque</span> <span class='ocrx_word' id='word_1_133' title='bbox 1216 994 1271 1039; x_wconf 89' lang='lat' dir='ltr'>in</span> <span class='ocrx_word' id='word_1_134' title='bbox 1307 989 1517 1038; x_wconf 82' lang='lat' dir='ltr'>homine</span> <span class='ocrx_word' id='word_1_135' title='bbox 1551 992 1653 1038; x_wconf 83' lang='lat' dir='ltr'>falx</span> <span class='ocrx_word' id='word_1_136' title='bbox 1689 990 1891 1040; x_wconf 85' lang='lat' dir='ltr'>cerebri</span> <span class='ocrx_word' id='word_1_137' title='bbox 1926 995 2063 1037; x_wconf 86' lang='lat' dir='ltr'>inter</span> <span class='ocrx_word' id='word_1_138' title='bbox 2101 991 2300 1038; x_wconf 80' lang='lat' dir='ltr'>cristam</span> <span class='ocrx_word' id='word_1_139' title='bbox 2328 993 2525 1038; x_wconf 81' lang='lat' dir='ltr'>ethmo-</span> 
     </span>
     <span class='ocr_line' id='line_1_14' title="bbox 106 1055 2526 1122; baseline 0.002 -22"><span class='ocrx_word' id='word_1_140' title='bbox 106 1055 216 1101; x_wconf 83' lang='lat' dir='ltr'>idei</span> <span class='ocrx_word' id='word_1_141' title='bbox 261 1067 311 1102; x_wconf 87' lang='lat' dir='ltr'>et</span> <span class='ocrx_word' id='word_1_142' title='bbox 347 1066 572 1103; x_wconf 86' lang='lat' dir='ltr'>suturam</span> <span class='ocrx_word' id='word_1_143' title='bbox 612 1057 905 1105; x_wconf 81' lang='lat' dir='ltr'>frontalem.</span> <span class='ocrx_word' id='word_1_144' title='bbox 975 1060 1155 1107; x_wconf 86' lang='lat' dir='ltr'>Paullo</span> <span class='ocrx_word' id='word_1_145' title='bbox 1200 1060 1333 1108; x_wconf 83' lang='lat' dir='ltr'>infra</span> <span class='ocrx_word' id='word_1_146' title='bbox 1371 1057 1505 1106; x_wconf 84' lang='lat' dir='ltr'>hanc</span> <span class='ocrx_word' id='word_1_147' title='bbox 1537 1070 1766 1107; x_wconf 86' lang='lat' dir='ltr'>suturam</span> <span class='ocrx_word' id='word_1_148' title='bbox 1804 1058 2027 1107; x_wconf 81' lang='lat' dir='ltr'>laminae</span> <span class='ocrx_word' id='word_1_149' title='bbox 2075 1056 2196 1105; x_wconf 89' lang='lat' dir='ltr'>huic</span> <span class='ocrx_word' id='word_1_150' title='bbox 2243 1058 2526 1122; x_wconf 81' lang='lat' dir='ltr'>perpendi-</span> 
     </span>
     <span class='ocr_line' id='line_1_15' title="bbox 112 1123 2525 1192; baseline 0.001 -23"><span class='ocrx_word' id='word_1_151' title='bbox 112 1123 274 1172; x_wconf 71' lang='lat' dir='ltr'>culari</span> <span class='ocrx_word' id='word_1_152' title='bbox 322 1126 494 1172; x_wconf 87' lang='lat' dir='ltr'>insunt</span> <span class='ocrx_word' id='word_1_153' title='bbox 542 1125 815 1173; x_wconf 78' lang='lat' dir='ltr'>canaliculi</span> <span class='ocrx_word' id='word_1_154' title='bbox 856 1131 1148 1174; x_wconf 86' lang='lat' dir='ltr'>antrorsurn</span> <span class='ocrx_word' id='word_1_155' title='bbox 1186 1127 1512 1192; x_wconf 85' lang='lat' dir='ltr'>divergentes</span> <span class='ocrx_word' id='word_1_156' title='bbox 1550 1144 1646 1189; x_wconf 83' lang='lat' dir='ltr'>pro</span> <span class='ocrx_word' id='word_1_157' title='bbox 1685 1127 1859 1175; x_wconf 85' lang='lat' dir='ltr'>nervis</span> <span class='ocrx_word' id='word_1_158' title='bbox 1900 1126 2211 1184; x_wconf 76' lang='lat' dir='ltr'>olfactoriiS,</span> <span class='ocrx_word' id='word_1_159' title='bbox 2261 1126 2350 1191; x_wconf 85' lang='lat' dir='ltr'>qui</span> <span class='ocrx_word' id='word_1_160' title='bbox 2384 1128 2525 1173; x_wconf 84' lang='lat' dir='ltr'>inter</span> 
     </span>
     <span class='ocr_line' id='line_1_16' title="bbox 114 1192 2527 1258; baseline 0.002 -22"><span class='ocrx_word' id='word_1_161' title='bbox 114 1193 178 1240; x_wconf 75' lang='lat'>23</span> <span class='ocrx_word' id='word_1_162' title='bbox 215 1204 263 1239; x_wconf 89' lang='lat' dir='ltr'>et</span> <span class='ocrx_word' id='word_1_163' title='bbox 300 1193 653 1256; x_wconf 75' lang='lat' dir='ltr'>cartilaginem</span> <span class='ocrx_word' id='word_1_164' title='bbox 691 1192 907 1240; x_wconf 86' lang='lat' dir='ltr'>solidam</span> <span class='ocrx_word' id='word_1_165' title='bbox 948 1207 1242 1242; x_wconf 88' lang='lat' dir='ltr'>antrorsum</span> <span class='ocrx_word' id='word_1_166' title='bbox 1287 1206 1646 1258; x_wconf 83' lang='lat' dir='ltr'>percurrentes</span> <span class='ocrx_word' id='word_1_167' title='bbox 1694 1197 1750 1241; x_wconf 89' lang='lat' dir='ltr'>in</span> <span class='ocrx_word' id='word_1_168' title='bbox 1787 1195 2081 1243; x_wconf 82' lang='lat' dir='ltr'>membrana</span> <span class='ocrx_word' id='word_1_169' title='bbox 2122 1194 2427 1242; x_wconf 87' lang='lat' dir='ltr'>Schneideri</span> <span class='ocrx_word' id='word_1_170' title='bbox 2472 1209 2527 1241; x_wconf 82' lang='lat' dir='ltr'>se</span> 
     </span>
     <span class='ocr_line' id='line_1_17' title="bbox 113 1261 2528 1327; baseline 0.002 -25"><span class='ocrx_word' id='word_1_171' title='bbox 113 1261 414 1311; x_wconf 84' lang='lat' dir='ltr'>extendunt.</span> <span class='ocrx_word' id='word_1_172' title='bbox 484 1263 627 1309; x_wconf 88' lang='lat' dir='ltr'>Inter</span> <span class='ocrx_word' id='word_1_173' title='bbox 660 1263 767 1308; x_wconf 91' lang='lat' dir='ltr'>hoc</span> <span class='ocrx_word' id='word_1_174' title='bbox 806 1261 1035 1310; x_wconf 79' lang='lat' dir='ltr'>foramen</span> <span class='ocrx_word' id='word_1_175' title='bbox 1073 1274 1123 1310; x_wconf 89' lang='lat' dir='ltr'>et</span> <span class='ocrx_word' id='word_1_176' title='bbox 1160 1278 1217 1311; x_wconf 91' lang='lat' dir='ltr'>os</span> <span class='ocrx_word' id='word_1_177' title='bbox 1254 1265 1316 1314; x_wconf 78' lang='lat'>25</span> <span class='ocrx_word' id='word_1_178' title='bbox 1364 1266 1419 1310; x_wconf 87' lang='lat' dir='ltr'>in</span> <span class='ocrx_word' id='word_1_179' title='bbox 1457 1264 1756 1327; x_wconf 81' lang='lat' dir='ltr'>cartilagine</span> <span class='ocrx_word' id='word_1_180' title='bbox 1799 1266 2118 1326; x_wconf 80' lang='lat' dir='ltr'>prominenti</span> <span class='ocrx_word' id='word_1_181' title='bbox 2160 1263 2264 1309; x_wconf 89' lang='lat' dir='ltr'>duo</span> <span class='ocrx_word' id='word_1_182' title='bbox 2299 1274 2416 1309; x_wconf 86' lang='lat' dir='ltr'>sunt</span> <span class='ocrx_word' id='word_1_183' title='bbox 2452 1261 2528 1308; x_wconf 87' lang='lat' dir='ltr'>fo·</span> 
     </span>
     <span class='ocr_line' id='line_1_18' title="bbox 109 1329 2525 1395; baseline 0 -23"><span class='ocrx_word' id='word_1_184' title='bbox 109 1331 335 1387; x_wconf 68' lang='lat' dir='ltr'>famina,</span> <span class='ocrx_word' id='word_1_185' title='bbox 381 1344 540 1375; x_wconf 87' lang='lat' dir='ltr'>unum</span> <span class='ocrx_word' id='word_1_186' title='bbox 579 1346 735 1393; x_wconf 85' lang='lat' dir='ltr'>supra</span> <span class='ocrx_word' id='word_1_187' title='bbox 775 1332 1016 1392; x_wconf 85' lang='lat' dir='ltr'>alterurn,</span> <span class='ocrx_word' id='word_1_188' title='bbox 1063 1347 1160 1395; x_wconf 86' lang='lat' dir='ltr'>per</span> <span class='ocrx_word' id='word_1_189' title='bbox 1195 1347 1332 1395; x_wconf 85' lang='lat' dir='ltr'>quae</span> <span class='ocrx_word' id='word_1_190' title='bbox 1367 1329 1642 1378; x_wconf 81' lang='lat' dir='ltr'>verisimile</span> <span class='ocrx_word' id='word_1_191' title='bbox 1690 1339 1765 1378; x_wconf 84' lang='lat' dir='ltr'>est</span> <span class='ocrx_word' id='word_1_192' title='bbox 1805 1348 1926 1377; x_wconf 81' lang='lat' dir='ltr'>vasa</span> <span class='ocrx_word' id='word_1_193' title='bbox 1966 1340 2016 1377; x_wconf 87' lang='lat' dir='ltr'>et</span> <span class='ocrx_word' id='word_1_194' title='bbox 2061 1330 2291 1394; x_wconf 83' lang='lat' dir='ltr'>reliquos</span> <span class='ocrx_word' id='word_1_195' title='bbox 2337 1345 2525 1376; x_wconf 85' lang='lat' dir='ltr'>nervos</span> 
     </span>
     <span class='ocr_line' id='line_1_19' title="bbox 108 1397 2529 1463; baseline 0.002 -25"><span class='ocrx_word' id='word_1_196' title='bbox 108 1398 306 1443; x_wconf 86' lang='lat' dir='ltr'>nasales</span> <span class='ocrx_word' id='word_1_197' title='bbox 341 1413 664 1460; x_wconf 78' lang='lat' dir='ltr'>percurrere.</span> <span class='ocrx_word' id='word_1_198' title='bbox 758 1399 887 1445; x_wconf 84' lang='lat' dir='ltr'>Viae</span> <span class='ocrx_word' id='word_1_199' title='bbox 936 1414 1223 1445; x_wconf 86' lang='lat' dir='ltr'>nervorum</span> <span class='ocrx_word' id='word_1_200' title='bbox 1273 1397 1662 1446; x_wconf 83' lang='lat' dir='ltr'>olfactoriorum</span> <span class='ocrx_word' id='word_1_201' title='bbox 1710 1399 1925 1463; x_wconf 80' lang='lat' dir='ltr'>oblique</span> <span class='ocrx_word' id='word_1_202' title='bbox 1977 1408 2222 1444; x_wconf 82' lang='lat' dir='ltr'>secantur</span> <span class='ocrx_word' id='word_1_203' title='bbox 2273 1398 2529 1461; x_wconf 82' lang='lat' dir='ltr'>ampliore</span> 
     </span>
     <span class='ocr_line' id='line_1_20' title="bbox 107 1465 2530 1529; baseline 0.001 -21"><span class='ocrx_word' id='word_1_204' title='bbox 107 1466 283 1513; x_wconf 82' lang='lat' dir='ltr'>canale</span> <span class='ocrx_word' id='word_1_205' title='bbox 307 1482 366 1511; x_wconf 87' lang='lat' dir='ltr'>ex</span> <span class='ocrx_word' id='word_1_206' title='bbox 402 1468 589 1529; x_wconf 83' lang='lat' dir='ltr'>angulo</span> <span class='ocrx_word' id='word_1_207' title='bbox 613 1470 905 1529; x_wconf 83' lang='lat' dir='ltr'>posteriore</span> <span class='ocrx_word' id='word_1_208' title='bbox 944 1468 1008 1514; x_wconf 86' lang='lat' dir='ltr'>ad</span> <span class='ocrx_word' id='word_1_209' title='bbox 1049 1478 1112 1528; x_wconf 84' lang='lat'>23</span> <span class='ocrx_word' id='word_1_210' title='bbox 1153 1479 1442 1515; x_wconf 84' lang='lat' dir='ltr'>antrorsum</span> <span class='ocrx_word' id='word_1_211' title='bbox 1476 1466 1533 1512; x_wconf 86' lang='lat' dir='ltr'>in</span> <span class='ocrx_word' id='word_1_212' title='bbox 1556 1467 1744 1514; x_wconf 84' lang='lat' dir='ltr'>lineam</span> <span class='ocrx_word' id='word_1_213' title='bbox 1775 1465 2142 1513; x_wconf 80' lang='lat' dir='ltr'>intermediam</span> <span class='ocrx_word' id='word_1_214' title='bbox 2175 1475 2530 1528; x_wconf 84' lang='lat' dir='ltr'>percurrente,</span> 
     </span>
     <span class='ocr_line' id='line_1_21' title="bbox 105 1528 2530 1600; baseline 0.002 -23"><span class='ocrx_word' id='word_1_215' title='bbox 105 1528 163 1578; x_wconf 88' lang='lat' dir='ltr'>in</span> <span class='ocrx_word' id='word_1_216' title='bbox 227 1549 330 1597; x_wconf 86' lang='lat' dir='ltr'>quo</span> <span class='ocrx_word' id='word_1_217' title='bbox 377 1532 599 1581; x_wconf 78' lang='lat' dir='ltr'>musculi</span> <span class='ocrx_word' id='word_1_218' title='bbox 649 1537 925 1583; x_wconf 88' lang='lat' dir='ltr'>oculorum</span> <span class='ocrx_word' id='word_1_219' title='bbox 990 1535 1190 1600; x_wconf 82' lang='lat' dir='ltr'>obliqui</span> <span class='ocrx_word' id='word_1_220' title='bbox 1240 1534 1409 1583; x_wconf 83' lang='lat' dir='ltr'>antice</span> <span class='ocrx_word' id='word_1_221' title='bbox 1454 1536 1511 1579; x_wconf 90' lang='lat' dir='ltr'>in</span> <span class='ocrx_word' id='word_1_222' title='bbox 1560 1551 1721 1582; x_wconf 80' lang='lat' dir='ltr'>massa</span> <span class='ocrx_word' id='word_1_223' title='bbox 1772 1533 2093 1597; x_wconf 82' lang='lat' dir='ltr'>cartilaginea</span> <span class='ocrx_word' id='word_1_224' title='bbox 2141 1534 2254 1596; x_wconf 85' lang='lat' dir='ltr'>ipsa</span> <span class='ocrx_word' id='word_1_225' title='bbox 2304 1534 2530 1582; x_wconf 81' lang='lat' dir='ltr'>orientes</span> 
     </span>
    </p>
   </div>
   <div class='ocr_carea' id='block_1_3' title="bbox 109 1598 2605 1655">
    <p class='ocr_par' dir='ltr' id='par_1_4' title="bbox 109 1598 2605 1655">
     <span class='ocr_line' id='line_1_22' title="bbox 109 1598 2605 1655; baseline 0.001 -9"><span class='ocrx_word' id='word_1_226' title='bbox 109 1598 320 1647; x_wconf 89' lang='lat' dir='ltr'>oculum</span> <span class='ocrx_word' id='word_1_227' title='bbox 360 1617 531 1649; x_wconf 88' lang='lat' dir='ltr'>versus</span> <span class='ocrx_word' id='word_1_228' title='bbox 565 1613 849 1650; x_wconf 83' lang='lat' dir='ltr'>retrorsum</span> <span class='ocrx_word' id='word_1_229' title='bbox 888 1612 939 1649; x_wconf 89' lang='lat' dir='ltr'>et</span> <span class='ocrx_word' id='word_1_230' title='bbox 974 1615 1261 1653; x_wconf 89' lang='lat' dir='ltr'>extrorsum</span> <span class='ocrx_word' id='word_1_231' title='bbox 1296 1602 1554 1655; x_wconf 73' lang='lat' dir='ltr'>feruntur,</span> <span class='ocrx_word' id='word_1_232' title='bbox 1605 1604 1677 1650; x_wconf 85' lang='lat' dir='ltr'>Ita</span> <span class='ocrx_word' id='word_1_233' title='bbox 1707 1606 1844 1649; x_wconf 88' lang='lat' dir='ltr'>inter</span> <span class='ocrx_word' id='word_1_234' title='bbox 1879 1601 2030 1650; x_wconf 87' lang='lat' dir='ltr'>ambo</span> <span class='ocrx_word' id='word_1_235' title='bbox 2068 1618 2175 1648; x_wconf 85' lang='lat' dir='ltr'>ossa</span> <span class='ocrx_word' id='word_1_236' title='bbox 2200 1604 2262 1653; x_wconf 78' lang='lat'>23</span> <span class='ocrx_word' id='word_1_237' title='bbox 2299 1603 2354 1648; x_wconf 92' lang='lat' dir='ltr'>in</span> <span class='ocrx_word' id='word_1_238' title='bbox 2382 1600 2531 1649; x_wconf 84' lang='lat' dir='ltr'>carti-</span> <span class='ocrx_word' id='word_1_239' title='bbox 2597 1609 2605 1618; x_wconf 95' lang='grc'><em>“</em></span> 
     </span>
    </p>
   </div>
   <div class='ocr_carea' id='block_1_4' title="bbox 108 1665 2571 2212">
    <p class='ocr_par' dir='ltr' id='par_1_5' title="bbox 108 1665 2571 2212">
     <span class='ocr_line' id='line_1_23' title="bbox 108 1665 2530 1735; baseline 0.002 -24"><span class='ocrx_word' id='word_1_240' title='bbox 108 1665 285 1735; x_wconf 66' lang='lat' dir='ltr'>lagine</span> <span class='ocrx_word' id='word_1_241' title='bbox 320 1668 485 1716; x_wconf 78' lang='lat' dir='ltr'>existit</span> <span class='ocrx_word' id='word_1_242' title='bbox 507 1671 789 1734; x_wconf 61' lang='lat' dir='ltr'>perior-atio</span> <span class='ocrx_word' id='word_1_243' title='bbox 833 1671 1174 1719; x_wconf 86' lang='lat' dir='ltr'>horizontalis</span> <span class='ocrx_word' id='word_1_244' title='bbox 1215 1670 1433 1717; x_wconf 82' lang='lat' dir='ltr'>formam</span> <span class='ocrx_word' id='word_1_245' title='bbox 1470 1671 1677 1718; x_wconf 85' lang='lat' dir='ltr'>litterae</span> <span class='ocrx_word' id='word_1_246' title='bbox 1717 1672 1760 1716; x_wconf 91' lang='lat' dir='ltr'><strong>X</strong></span> <span class='ocrx_word' id='word_1_247' title='bbox 1798 1670 2046 1722; x_wconf 75' lang='lat' dir='ltr'>referens.</span> <span class='ocrx_word' id='word_1_248' title='bbox 2117 1668 2219 1717; x_wconf 74' lang='lat' dir='ltr'>Ubi</span> <span class='ocrx_word' id='word_1_249' title='bbox 2247 1670 2530 1734; x_wconf 79' lang='lat' dir='ltr'>perpendi-</span> 
     </span>
     <span class='ocr_line' id='line_1_24' title="bbox 111 1734 2525 1804; baseline 0.003 -25"><span class='ocrx_word' id='word_1_250' title='bbox 111 1734 295 1783; x_wconf 84' lang='lat' dir='ltr'>cularis</span> <span class='ocrx_word' id='word_1_251' title='bbox 328 1736 518 1784; x_wconf 82' lang='lat' dir='ltr'>lamina</span> <span class='ocrx_word' id='word_1_252' title='bbox 558 1739 878 1804; x_wconf 74' lang='lat' dir='ltr'>cartilaginea</span> <span class='ocrx_word' id='word_1_253' title='bbox 917 1739 1051 1786; x_wconf 88' lang='lat' dir='ltr'>infra</span> <span class='ocrx_word' id='word_1_254' title='bbox 1087 1739 1265 1786; x_wconf 78' lang='lat' dir='ltr'>cristae</span> <span class='ocrx_word' id='word_1_255' title='bbox 1305 1742 1540 1801; x_wconf 84' lang='lat' dir='ltr'>corporis</span> <span class='ocrx_word' id='word_1_256' title='bbox 1576 1738 1886 1802; x_wconf 79' lang='lat' dir='ltr'>sphenoidei</span> <span class='ocrx_word' id='word_1_257' title='bbox 1931 1754 1986 1787; x_wconf 86' lang='lat' dir='ltr'>se</span> <span class='ocrx_word' id='word_1_258' title='bbox 2024 1737 2278 1800; x_wconf 74' lang='lat' dir='ltr'>applicat,</span> <span class='ocrx_word' id='word_1_259' title='bbox 2327 1740 2525 1800; x_wconf 80' lang='lat' dir='ltr'>postice</span> 
     </span>
     <span class='ocr_line' id='line_1_25' title="bbox 110 1802 2532 1871; baseline 0.003 -25"><span class='ocrx_word' id='word_1_260' title='bbox 110 1803 301 1849; x_wconf 84' lang='lat' dir='ltr'>iterum</span> <span class='ocrx_word' id='word_1_261' title='bbox 350 1802 404 1851; x_wconf 88' lang='lat' dir='ltr'>in</span> <span class='ocrx_word' id='word_1_262' title='bbox 443 1819 504 1850; x_wconf 85' lang='lat' dir='ltr'>os</span> <span class='ocrx_word' id='word_1_263' title='bbox 548 1807 809 1853; x_wconf 79' lang='lat' dir='ltr'>Y-forme</span> <span class='ocrx_word' id='word_1_264' title='bbox 862 1808 1024 1870; x_wconf 52' lang='grc' dir='ltr'>(ΠΨ)</span> <span class='ocrx_word' id='word_1_265' title='bbox 1082 1808 1283 1856; x_wconf 80' lang='lat' dir='ltr'>transit.</span> <span class='ocrx_word' id='word_1_266' title='bbox 1374 1806 1605 1871; x_wconf 88' lang='lat' dir='ltr'>Uterque</span> <span class='ocrx_word' id='word_1_267' title='bbox 1652 1823 1919 1870; x_wconf 80' lang='lat' dir='ltr'>processus</span> <span class='ocrx_word' id='word_1_268' title='bbox 1974 1806 2213 1869; x_wconf 86' lang='lat' dir='ltr'>superior</span> <span class='ocrx_word' id='word_1_269' title='bbox 2268 1806 2532 1869; x_wconf 78' lang='lat' dir='ltr'>posterior</span> 
     </span>
     <span class='ocr_line' id='line_1_26' title="bbox 111 1871 2528 1936; baseline 0.002 -20"><span class='ocrx_word' id='word_1_270' title='bbox 111 1871 415 1918; x_wconf 78' lang='lat' dir='ltr'>membrana</span> <span class='ocrx_word' id='word_1_271' title='bbox 449 1872 644 1923; x_wconf 83' lang='lat' dir='ltr'>fibrosa</span> <span class='ocrx_word' id='word_1_272' title='bbox 678 1875 751 1922; x_wconf 83' lang='lat' dir='ltr'>ibi</span> <span class='ocrx_word' id='word_1_273' title='bbox 787 1874 1102 1929; x_wconf 83' lang='lat' dir='ltr'>inseruntur,</span> <span class='ocrx_word' id='word_1_274' title='bbox 1144 1873 1232 1922; x_wconf 89' lang='lat' dir='ltr'>ubi</span> <span class='ocrx_word' id='word_1_275' title='bbox 1266 1871 1362 1921; x_wconf 84' lang='lat' dir='ltr'>IIb</span> <span class='ocrx_word' id='word_1_276' title='bbox 1391 1891 1506 1922; x_wconf 86' lang='lat' dir='ltr'>curn</span> <span class='ocrx_word' id='word_1_277' title='bbox 1543 1872 1668 1923; x_wconf 72' lang='lat' dir='ltr'>Hlb</span> <span class='ocrx_word' id='word_1_278' title='bbox 1704 1873 1754 1922; x_wconf 89' lang='lat' dir='ltr'>in</span> <span class='ocrx_word' id='word_1_279' title='bbox 1795 1877 2049 1920; x_wconf 85' lang='lat' dir='ltr'>anteriore</span> <span class='ocrx_word' id='word_1_280' title='bbox 2085 1877 2317 1936; x_wconf 84' lang='lat' dir='ltr'>margine</span> <span class='ocrx_word' id='word_1_281' title='bbox 2363 1877 2528 1922; x_wconf 86' lang='lat' dir='ltr'>cranii</span> 
     </span>
     <span class='ocr_line' id='line_1_27' title="bbox 113 1939 2529 2007; baseline 0.002 -23"><span class='ocrx_word' id='word_1_282' title='bbox 113 1943 454 1986; x_wconf 78' lang='lat' dir='ltr'>coniunctum</span> <span class='ocrx_word' id='word_1_283' title='bbox 494 1955 582 1993; x_wconf 71' lang='lat' dir='ltr'>est.</span> <span class='ocrx_word' id='word_1_284' title='bbox 652 1945 730 1990; x_wconf 91' lang='lat' dir='ltr'>Ab</span> <span class='ocrx_word' id='word_1_285' title='bbox 770 1948 1026 1992; x_wconf 82' lang='lat' dir='ltr'>anteriore</span> <span class='ocrx_word' id='word_1_286' title='bbox 1073 1943 1301 2007; x_wconf 86' lang='lat' dir='ltr'>denique</span> <span class='ocrx_word' id='word_1_287' title='bbox 1338 1944 1574 2007; x_wconf 82' lang='lat' dir='ltr'>margine</span> <span class='ocrx_word' id='word_1_288' title='bbox 1616 1941 1741 1989; x_wconf 85' lang='lat' dir='ltr'>ossis</span> <span class='ocrx_word' id='word_1_289' title='bbox 1782 1941 2049 1988; x_wconf 85' lang='lat' dir='ltr'>Y—formis</span> <span class='ocrx_word' id='word_1_290' title='bbox 2101 1939 2225 1988; x_wconf 84' lang='lat' dir='ltr'>item</span> <span class='ocrx_word' id='word_1_291' title='bbox 2276 1945 2529 1990; x_wconf 84' lang='lat' dir='ltr'>eiusmodi</span> 
     </span>
     <span class='ocr_line' id='line_1_28' title="bbox 111 2006 2531 2075; baseline 0.001 -22"><span class='ocrx_word' id='word_1_292' title='bbox 111 2006 412 2055; x_wconf 77' lang='lat' dir='ltr'>membram</span> <span class='ocrx_word' id='word_1_293' title='bbox 455 2010 644 2058; x_wconf 80' lang='lat' dir='ltr'>fibrosa</span> <span class='ocrx_word' id='word_1_294' title='bbox 692 2013 759 2060; x_wconf 87' lang='lat' dir='ltr'>ad</span> <span class='ocrx_word' id='word_1_295' title='bbox 794 2013 1038 2060; x_wconf 86' lang='lat' dir='ltr'>laminam</span> <span class='ocrx_word' id='word_1_296' title='bbox 1084 2013 1393 2075; x_wconf 83' lang='lat' dir='ltr'>cartilaginis</span> <span class='ocrx_word' id='word_1_297' title='bbox 1447 2020 1738 2057; x_wconf 82' lang='lat' dir='ltr'>antrorsum</span> <span class='ocrx_word' id='word_1_298' title='bbox 1775 2026 1882 2057; x_wconf 85' lang='lat' dir='ltr'>sese</span> <span class='ocrx_word' id='word_1_299' title='bbox 1921 2007 2171 2059; x_wconf 50' lang='lat' dir='ltr'>extendi&amp;</span> <span class='ocrx_word' id='word_1_300' title='bbox 2238 2010 2309 2057; x_wconf 91' lang='lat' dir='ltr'>Os</span> <span class='ocrx_word' id='word_1_301' title='bbox 2358 2023 2531 2059; x_wconf 85' lang='lat' dir='ltr'>autem</span> 
     </span>
     <span class='ocr_line' id='line_1_29' title="bbox 113 2074 2529 2144; baseline 0.003 -25"><span class='ocrx_word' id='word_1_302' title='bbox 113 2074 288 2136; x_wconf 84' lang='lat' dir='ltr'>ipsum</span> <span class='ocrx_word' id='word_1_303' title='bbox 323 2090 444 2123; x_wconf 88' lang='lat' dir='ltr'>cum</span> <span class='ocrx_word' id='word_1_304' title='bbox 482 2080 791 2144; x_wconf 83' lang='lat' dir='ltr'>cartilaginis</span> <span class='ocrx_word' id='word_1_305' title='bbox 825 2084 1117 2144; x_wconf 86' lang='lat' dir='ltr'>posteriore</span> <span class='ocrx_word' id='word_1_306' title='bbox 1155 2088 1206 2126; x_wconf 88' lang='lat' dir='ltr'>et</span> <span class='ocrx_word' id='word_1_307' title='bbox 1242 2077 1495 2127; x_wconf 84' lang='lat' dir='ltr'>inferiore</span> <span class='ocrx_word' id='word_1_308' title='bbox 1529 2079 1636 2126; x_wconf 87' lang='lat' dir='ltr'>fine</span> <span class='ocrx_word' id='word_1_309' title='bbox 1678 2087 1878 2124; x_wconf 86' lang='lat' dir='ltr'>tantum</span> <span class='ocrx_word' id='word_1_310' title='bbox 1915 2078 2024 2126; x_wconf 88' lang='lat' dir='ltr'>basi</span> <span class='ocrx_word' id='word_1_311' title='bbox 2061 2091 2153 2124; x_wconf 88' lang='lat' dir='ltr'>sua</span> <span class='ocrx_word' id='word_1_312' title='bbox 2192 2082 2529 2126; x_wconf 88' lang='lat' dir='ltr'>coniunctum</span> 
     </span>
     <span class='ocr_line' id='line_1_30' title="bbox 116 2144 2571 2212; baseline 0 -20"><span class='ocrx_word' id='word_1_313' title='bbox 116 2152 211 2192; x_wconf 79' lang='lat' dir='ltr'>est.</span> <span class='ocrx_word' id='word_1_314' title='bbox 240 2170 300 2180; x_wconf 95' lang='lat'>—</span> <span class='ocrx_word' id='word_1_315' title='bbox 325 2144 381 2195; x_wconf 75' lang='lat' dir='ltr'>Si</span> <span class='ocrx_word' id='word_1_316' title='bbox 415 2163 541 2193; x_wconf 84' lang='lat' dir='ltr'>vero</span> <span class='ocrx_word' id='word_1_317' title='bbox 583 2160 885 2212; x_wconf 80' lang='lat' dir='ltr'>quaeratur,</span> <span class='ocrx_word' id='word_1_318' title='bbox 937 2165 1054 2196; x_wconf 89' lang='lat' dir='ltr'>curn</span> <span class='ocrx_word' id='word_1_319' title='bbox 1104 2164 1209 2212; x_wconf 88' lang='lat' dir='ltr'>quo</span> <span class='ocrx_word' id='word_1_320' title='bbox 1257 2150 1480 2193; x_wconf 88' lang='lat' dir='ltr'>aliorum</span> <span class='ocrx_word' id='word_1_321' title='bbox 1518 2147 1738 2209; x_wconf 81' lang='lat' dir='ltr'>piscium</span> <span class='ocrx_word' id='word_1_322' title='bbox 1774 2162 1888 2194; x_wconf 89' lang='lat' dir='ltr'>osse</span> <span class='ocrx_word' id='word_1_323' title='bbox 1934 2151 2045 2206; x_wconf 84' lang='lat' dir='ltr'>ipsa</span> <span class='ocrx_word' id='word_1_324' title='bbox 2091 2146 2333 2209; x_wconf 80' lang='lat' dir='ltr'>cartilago</span> <span class='ocrx_word' id='word_1_325' title='bbox 2387 2164 2531 2194; x_wconf 75' lang='lat' dir='ltr'>coin-</span> <span class='ocrx_word' id='word_1_326' title='bbox 2565 2173 2571 2180; x_wconf 93' lang='lat'><em>-</em></span> 
     </span>
    </p>
   </div>
   <div class='ocr_carea' id='block_1_5' title="bbox 112 2209 2528 2350">
    <p class='ocr_par' dir='ltr' id='par_1_6' title="bbox 112 2209 2528 2350">
     <span class='ocr_line' id='line_1_31' title="bbox 114 2209 2528 2280; baseline 0.004 -25"><span class='ocrx_word' id='word_1_327' title='bbox 114 2209 289 2273; x_wconf 80' lang='lat' dir='ltr'>parari</span> <span class='ocrx_word' id='word_1_328' title='bbox 325 2213 532 2273; x_wconf 83' lang='lat' dir='ltr'>debeat3</span> <span class='ocrx_word' id='word_1_329' title='bbox 577 2218 818 2280; x_wconf 80' lang='lat' dir='ltr'>equidem</span> <span class='ocrx_word' id='word_1_330' title='bbox 859 2215 989 2264; x_wconf 86' lang='lat' dir='ltr'>nulli</span> <span class='ocrx_word' id='word_1_331' title='bbox 1024 2214 1393 2266; x_wconf 82' lang='lat' dir='ltr'>conferendam</span> <span class='ocrx_word' id='word_1_332' title='bbox 1437 2225 1653 2279; x_wconf 80' lang='lat' dir='ltr'>putem,</span> <span class='ocrx_word' id='word_1_333' title='bbox 1703 2214 1796 2263; x_wconf 86' lang='lat' dir='ltr'>sed</span> <span class='ocrx_word' id='word_1_334' title='bbox 1841 2227 2109 2263; x_wconf 84' lang='lat' dir='ltr'>externum</span> <span class='ocrx_word' id='word_1_335' title='bbox 2162 2218 2393 2263; x_wconf 85' lang='lat' dir='ltr'>cranium</span> <span class='ocrx_word' id='word_1_336' title='bbox 2450 2233 2528 2264; x_wconf 86' lang='lat' dir='ltr'>os·-</span> 
     </span>
     <span class='ocr_line' id='line_1_32' title="bbox 112 2282 951 2350; baseline 0.013 -26"><span class='ocrx_word' id='word_1_337' title='bbox 112 2292 259 2327; x_wconf 84' lang='lat' dir='ltr'>seum</span> <span class='ocrx_word' id='word_1_338' title='bbox 297 2297 361 2328; x_wconf 91' lang='lat' dir='ltr'>eo</span> <span class='ocrx_word' id='word_1_339' title='bbox 399 2282 562 2332; x_wconf 79' lang='lat' dir='ltr'>videri</span> <span class='ocrx_word' id='word_1_340' title='bbox 597 2284 734 2333; x_wconf 86' lang='lat' dir='ltr'>intus</span> <span class='ocrx_word' id='word_1_341' title='bbox 770 2289 951 2350; x_wconf 77' lang='lat' dir='ltr'>repeti.</span> 
     </span>
    </p>
   </div>
   <div class='ocr_carea' id='block_1_6' title="bbox 1236 2405 1403 2470">
    <p class='ocr_par' dir='ltr' id='par_1_7' title="bbox 1236 2405 1403 2470">
     <span class='ocr_line' id='line_1_33' title="bbox 1236 2405 1403 2470; baseline 0 -11"><span class='ocrx_word' id='word_1_342' title='bbox 1236 2405 1282 2470; x_wconf 84' lang='lat'>§.</span> <span class='ocrx_word' id='word_1_343' title='bbox 1355 2409 1403 2462; x_wconf 82' lang='lat'>8.</span> 
     </span>
    </p>
   </div>
   <div class='ocr_carea' id='block_1_7' title="bbox 104 2479 2531 3085">
    <p class='ocr_par' dir='ltr' id='par_1_8' title="bbox 104 2479 2531 3082">
     <span class='ocr_line' id='line_1_34' title="bbox 251 2479 2527 2554; baseline 0.001 -23"><span class='ocrx_word' id='word_1_344' title='bbox 251 2484 319 2531; x_wconf 83' lang='lat' dir='ltr'>Ut</span> <span class='ocrx_word' id='word_1_345' title='bbox 359 2495 530 2534; x_wconf 86' lang='lat' dir='ltr'>autem</span> <span class='ocrx_word' id='word_1_346' title='bbox 570 2492 804 2535; x_wconf 87' lang='lat' dir='ltr'>cranium</span> <span class='ocrx_word' id='word_1_347' title='bbox 838 2489 986 2538; x_wconf 89' lang='lat' dir='ltr'>Lucii</span> <span class='ocrx_word' id='word_1_348' title='bbox 1009 2479 1247 2552; x_wconf 56' lang='lat' dir='ltr'>‘superne</span> <span class='ocrx_word' id='word_1_349' title='bbox 1285 2488 1611 2554; x_wconf 80' lang='lat' dir='ltr'>cartilagine,</span> <span class='ocrx_word' id='word_1_350' title='bbox 1649 2490 1702 2538; x_wconf 89' lang='lat' dir='ltr'>in</span> <span class='ocrx_word' id='word_1_351' title='bbox 1739 2486 1983 2541; x_wconf 80' lang='lat' dir='ltr'>lateribus</span> <span class='ocrx_word' id='word_1_352' title='bbox 2019 2504 2145 2537; x_wconf 88' lang='lat' dir='ltr'>vero</span> <span class='ocrx_word' id='word_1_353' title='bbox 2182 2504 2343 2536; x_wconf 85' lang='lat' dir='ltr'>massa</span> <span class='ocrx_word' id='word_1_354' title='bbox 2382 2503 2527 2535; x_wconf 82' lang='lat' dir='ltr'>ossea</span> 
     </span>
     <span class='ocr_line' id='line_1_35' title="bbox 112 2554 2531 2621; baseline 0 -19"><span class='ocrx_word' id='word_1_355' title='bbox 112 2567 224 2602; x_wconf 82' lang='lat' dir='ltr'>sese</span> <span class='ocrx_word' id='word_1_356' title='bbox 257 2562 448 2612; x_wconf 82' lang='lat' dir='ltr'>tuetur,</span> <span class='ocrx_word' id='word_1_357' title='bbox 491 2554 562 2603; x_wconf 88' lang='lat' dir='ltr'>sic</span> <span class='ocrx_word' id='word_1_358' title='bbox 601 2559 655 2603; x_wconf 90' lang='lat' dir='ltr'>in</span> <span class='ocrx_word' id='word_1_359' title='bbox 693 2558 802 2605; x_wconf 89' lang='lat' dir='ltr'>eius</span> <span class='ocrx_word' id='word_1_360' title='bbox 838 2562 1261 2618; x_wconf 85' lang='lat' dir='ltr'>continuatione,</span> <span class='ocrx_word' id='word_1_361' title='bbox 1305 2559 1527 2606; x_wconf 85' lang='lat' dir='ltr'>medulla</span> <span class='ocrx_word' id='word_1_362' title='bbox 1564 2561 1780 2621; x_wconf 75' lang='lat' dir='ltr'>spinaH,</span> <span class='ocrx_word' id='word_1_363' title='bbox 1829 2557 2044 2605; x_wconf 87' lang='lat' dir='ltr'>eandem</span> <span class='ocrx_word' id='word_1_364' title='bbox 2088 2558 2241 2621; x_wconf 88' lang='lat' dir='ltr'>plane</span> <span class='ocrx_word' id='word_1_365' title='bbox 2278 2560 2531 2603; x_wconf 82' lang='lat' dir='ltr'>rationem</span> 
     </span>
     <span class='ocr_line' id='line_1_36' title="bbox 110 2622 2527 2694; baseline 0.001 -27"><span class='ocrx_word' id='word_1_366' title='bbox 110 2622 423 2681; x_wconf 81' lang='lat' dir='ltr'>inyenimus.</span> <span class='ocrx_word' id='word_1_367' title='bbox 497 2626 631 2671; x_wconf 85' lang='lat' dir='ltr'>Nam</span> <span class='ocrx_word' id='word_1_368' title='bbox 669 2625 812 2673; x_wconf 85' lang='lat' dir='ltr'>velut</span> <span class='ocrx_word' id='word_1_369' title='bbox 858 2626 912 2674; x_wconf 90' lang='lat' dir='ltr'>in</span> <span class='ocrx_word' id='word_1_370' title='bbox 948 2636 1176 2691; x_wconf 83' lang='lat' dir='ltr'>utroque</span> <span class='ocrx_word' id='word_1_371' title='bbox 1223 2627 1385 2674; x_wconf 87' lang='lat' dir='ltr'>latere</span> <span class='ocrx_word' id='word_1_372' title='bbox 1426 2631 1831 2694; x_wconf 88' lang='lat' dir='ltr'>uniuscuiusque</span> <span class='ocrx_word' id='word_1_373' title='bbox 1882 2627 2116 2690; x_wconf 90' lang='lat' dir='ltr'>corporis</span> <span class='ocrx_word' id='word_1_374' title='bbox 2167 2623 2527 2672; x_wconf 85' lang='lat' dir='ltr'>vertebrarum</span> 
     </span>
     <span class='ocr_line' id='line_1_37' title="bbox 112 2690 2526 2761; baseline 0 -25"><span class='ocrx_word' id='word_1_375' title='bbox 112 2690 264 2737; x_wconf 78' lang='lat' dir='ltr'>fovea</span> <span class='ocrx_word' id='word_1_376' title='bbox 304 2692 588 2740; x_wconf 70' lang='lat' dir='ltr'>articularis</span> <span class='ocrx_word' id='word_1_377' title='bbox 622 2695 906 2759; x_wconf 88' lang='lat' dir='ltr'>unicuique</span> <span class='ocrx_word' id='word_1_378' title='bbox 947 2703 1115 2743; x_wconf 74' lang='lat' dir='ltr'>costae</span> <span class='ocrx_word' id='word_1_379' title='bbox 1164 2694 1381 2743; x_wconf 82' lang='lat' dir='ltr'>formata</span> <span class='ocrx_word' id='word_1_380' title='bbox 1415 2706 1515 2754; x_wconf 87' lang='lat' dir='ltr'>est,</span> <span class='ocrx_word' id='word_1_381' title='bbox 1577 2700 1648 2743; x_wconf 72' lang='lat' dir='ltr'>sic</span> <span class='ocrx_word' id='word_1_382' title='bbox 1688 2699 1864 2761; x_wconf 71' lang='lat' dir='ltr'>paullo</span> <span class='ocrx_word' id='word_1_383' title='bbox 1912 2693 2146 2755; x_wconf 85' lang='lat' dir='ltr'>superius</span> <span class='ocrx_word' id='word_1_384' title='bbox 2195 2698 2248 2741; x_wconf 88' lang='lat' dir='ltr'>in</span> <span class='ocrx_word' id='word_1_385' title='bbox 2294 2702 2526 2758; x_wconf 84' lang='lat' dir='ltr'>utroque</span> 
     </span>
     <span class='ocr_line' id='line_1_38' title="bbox 117 2758 2524 2829; baseline 0.001 -24"><span class='ocrx_word' id='word_1_386' title='bbox 117 2758 276 2805; x_wconf 85' lang='lat' dir='ltr'>latere</span> <span class='ocrx_word' id='word_1_387' title='bbox 328 2759 481 2808; x_wconf 82' lang='lat' dir='ltr'>altera</span> <span class='ocrx_word' id='word_1_388' title='bbox 533 2772 776 2825; x_wconf 81' lang='lat' dir='ltr'>apparet,</span> <span class='ocrx_word' id='word_1_389' title='bbox 827 2763 1107 2828; x_wconf 85' lang='lat' dir='ltr'>capitulum</span> <span class='ocrx_word' id='word_1_390' title='bbox 1152 2765 1473 2811; x_wconf 88' lang='lat' dir='ltr'>tenacissima</span> <span class='ocrx_word' id='word_1_391' title='bbox 1519 2762 1914 2829; x_wconf 84' lang='lat' dir='ltr'>amphiarthrosi</span> <span class='ocrx_word' id='word_1_392' title='bbox 1952 2765 2225 2824; x_wconf 84' lang='lat' dir='ltr'>excipiens,</span> <span class='ocrx_word' id='word_1_393' title='bbox 2277 2761 2421 2826; x_wconf 83' lang='lat' dir='ltr'>quod</span> <span class='ocrx_word' id='word_1_394' title='bbox 2466 2761 2524 2808; x_wconf 88' lang='lat' dir='ltr'>in</span> 
     </span>
     <span class='ocr_line' id='line_1_39' title="bbox 104 2827 2524 2895; baseline 0.001 -25"><span class='ocrx_word' id='word_1_395' title='bbox 104 2827 295 2889; x_wconf 32' lang='lat' dir='ltr'>:primis</span> <span class='ocrx_word' id='word_1_396' title='bbox 341 2843 426 2875; x_wconf 89' lang='lat' dir='ltr'>sex</span> <span class='ocrx_word' id='word_1_397' title='bbox 474 2829 721 2877; x_wconf 64' lang='lat' dir='ltr'>vertebris</span> <span class='ocrx_word' id='word_1_398' title='bbox 770 2834 823 2876; x_wconf 89' lang='lat' dir='ltr'>in</span> <span class='ocrx_word' id='word_1_399' title='bbox 872 2841 1073 2894; x_wconf 83' lang='lat' dir='ltr'>partem</span> <span class='ocrx_word' id='word_1_400' title='bbox 1121 2843 1404 2887; x_wconf 80' lang='lat' dir='ltr'>arcuatam,</span> <span class='ocrx_word' id='word_1_401' title='bbox 1452 2849 1751 2894; x_wconf 76' lang='lat' dir='ltr'>processum</span> <span class='ocrx_word' id='word_1_402' title='bbox 1801 2832 2073 2895; x_wconf 87' lang='lat' dir='ltr'>spinosum</span> <span class='ocrx_word' id='word_1_403' title='bbox 2120 2844 2524 2893; x_wconf 81' lang='lat' dir='ltr'>processumque</span> 
     </span>
     <span class='ocr_line' id='line_1_40' title="bbox 114 2897 2520 2964; baseline 0.001 -26"><span class='ocrx_word' id='word_1_404' title='bbox 114 2904 454 2943; x_wconf 77' lang='lat' dir='ltr'>transversum</span> <span class='ocrx_word' id='word_1_405' title='bbox 489 2898 592 2949; x_wconf 76' lang='lat' dir='ltr'>&#39;hoc</span> <span class='ocrx_word' id='word_1_406' title='bbox 631 2899 787 2944; x_wconf 75' lang='lat' dir='ltr'>inodo</span> <span class='ocrx_word' id='word_1_407' title='bbox 827 2903 1022 2949; x_wconf 79' lang='lat' dir='ltr'>transit.</span> <span class='ocrx_word' id='word_1_408' title='bbox 1095 2899 1170 2946; x_wconf 87' lang='lat' dir='ltr'>Ex</span> <span class='ocrx_word' id='word_1_409' title='bbox 1210 2899 1612 2964; x_wconf 78' lang='lat' dir='ltr'>uniuscuiusque</span> <span class='ocrx_word' id='word_1_410' title='bbox 1652 2905 1826 2949; x_wconf 76' lang='lat' dir='ltr'>lateris</span> <span class='ocrx_word' id='word_1_411' title='bbox 1870 2901 2094 2961; x_wconf 84' lang='lat' dir='ltr'>capitulo</span> <span class='ocrx_word' id='word_1_412' title='bbox 2143 2897 2334 2943; x_wconf 81' lang='lat' dir='ltr'>lamina</span> <span class='ocrx_word' id='word_1_413' title='bbox 2376 2912 2520 2944; x_wconf 83' lang='lat' dir='ltr'>ossea</span> 
     </span>
     <span class='ocr_line' id='line_1_41' title="bbox 104 2965 2519 3082; baseline 0.001 -74"><span class='ocrx_word' id='word_1_414' title='bbox 104 2966 181 3016; x_wconf 44' lang='lat' dir='ltr'>‚ita</span> <span class='ocrx_word' id='word_1_415' title='bbox 220 2969 486 3025; x_wconf 80' lang='lat' dir='ltr'>excrescit,</span> <span class='ocrx_word' id='word_1_416' title='bbox 525 2975 582 3013; x_wconf 89' lang='lat' dir='ltr'>ut</span> <span class='ocrx_word' id='word_1_417' title='bbox 618 2982 738 3020; x_wconf 76' lang='lat' dir='ltr'>eae,</span> <span class='ocrx_word' id='word_1_418' title='bbox 781 2983 916 3030; x_wconf 86' lang='lat' dir='ltr'>quae</span> <span class='ocrx_word' id='word_1_419' title='bbox 955 2984 1060 3013; x_wconf 83' lang='lat' dir='ltr'>una</span> <span class='ocrx_word' id='word_1_420' title='bbox 1101 2984 1241 3031; x_wconf 85' lang='lat' dir='ltr'>pone</span> <span class='ocrx_word' id='word_1_421' title='bbox 1279 2966 1487 3015; x_wconf 83' lang='lat' dir='ltr'>alteram</span> <span class='ocrx_word' id='word_1_422' title='bbox 1524 2970 1653 3017; x_wconf 84' lang='lat' dir='ltr'>sitae</span> <span class='ocrx_word' id='word_1_423' title='bbox 1689 2982 1834 3027; x_wconf 84' lang='lat' dir='ltr'>sunt,</span> <span class='ocrx_word' id='word_1_424' title='bbox 1873 2967 2101 3015; x_wconf 81' lang='lat' dir='ltr'>eiusdem</span> <span class='ocrx_word' id='word_1_425' title='bbox 2137 2966 2238 3013; x_wconf 88' lang='lat' dir='ltr'>sint</span> <span class='ocrx_word' id='word_1_426' title='bbox 2263 2965 2519 3082; x_wconf 47' lang='lat' dir='ltr'>planigiei,</span> 
     </span>
    </p>

    <p class='ocr_par' dir='ltr' id='par_1_9' title="bbox 2220 3048 2523 3085">
     <span class='ocr_line' id='line_1_42' title="bbox 2220 3048 2523 3085; baseline 0.003 -5"><span class='ocrx_word' id='word_1_427' title='bbox 2220 3048 2226 3054; x_wconf 89' lang='lat'><em>·</em></span> <span class='ocrx_word' id='word_1_428' title='bbox 2438 3049 2523 3085; x_wconf 82' lang='lat' dir='ltr'>em</span> 
     </span>
    </p>
   </div>
  </div>
 </body>
</html>
