2643 3292
75 111 179 181 14
1116 125 1431 150 “·“···““······

71 265 233 299 ma<sa
271 243 599 308 cartilaginea
635 241 1017 308 quodammodo
1056 240 1337 304 praevalet.
1406 240 1539 288 Nam
1575 236 1615 288 si
1650 239 1831 291 seriem
1867 242 2052 290 ossium
2089 259 2115 290 a
2147 243 2336 293 lamina
2386 262 2494 293 car.

70 320 315 381 til‘aginea
362 314 572 375 linguae
633 322 893 358 retorsum
942 310 1322 372 prodeuntem,
1380 311 1435 354 in
1488 307 1672 371 quibus
1728 328 1782 357 os
1835 311 2121 375 hyoideum
2164 325 2320 377 atque
2367 314 2491 364 fines

73 388 352 433 anteriores
393 396 607 426 arcuum
645 378 1018 426 branchiarum
1057 382 1385 432 inseruntur,
1434 373 1535 437 (Is.
1569 380 1696 439 1819
1721 380 1806 423 tab
1839 386 1916 439 111,
1945 377 2028 442 fig.
2052 382 2136 430 50.
2173 399 2222 443 g,
2249 382 2299 442 b,
2334 398 2378 437 e,
2412 388 2498 437 n.)
2547 376 2556 384 ⁸

71 449 365 501 accuratius·
395 446 816 498 consideramus,
859 455 1074 508 apparet
1109 447 1279 508 primo
1315 459 1432 490 eam
1457 458 1596 488 mera
1634 457 1792 489 massa
1832 447 2157 508 cartilaginea
2192 450 2490 502 constitisse,

62 517 214 567 'cuius
251 519 306 562 in
333 515 554 564 decursu
578 512 737 561 serius
776 521 1002 576 quatuor
1036 522 1233 574 puncta
1271 513 1583 560 ossescentia
1619 513 1913 568 exstiterint,
1954 528 2086 576 quae
2111 519 2267 578 magis
2293 515 2492 562 minus·

72 603 136 634 ve
185 585 388 646 vaginis
434 580 620 632 similes
674 590 964 627 antrorsum
1017 596 1073 626 ac
1121 587 1408 625 retrorsum
1457 592 1612 641 super
1657 578 2006 642 cartilaginem
2053 579 2334 647 oblongam
2382 598 2492 630 sese

73 653 413 702 extenderint,
451 660 507 697 ut
542 663 703 709 super
735 649 1088 695 membranam
1128 647 1510 710 cartilagineam
1558 646 1613 691 in
1652 644 1841 691 ossibus
1879 650 2054 697 cranii.
2137 649 2199 695 In
2235 655 2492 698 anteriore

71 733 219 787 parte
256 719 425 767 series„
467 736 496 764 a
536 730 676 761 mera
711 730 872 762 massa
908 714 1237 776 cartilaginea
1279 716 1461 776 incipit
1515 722 1564 760 et
1612 713 1682 758 sic
1717 715 1873 759 etiam
1909 713 2102 776 postice
2138 714 2329 768 finitur.
2399 722 2497 766 Pa-

71 805 183 836 rem
220 784 474 834 rationem
510 784 567 830 in
614 780 822 848 singulis
862 783 1077 829 arcubus
1113 795 1362 845 agnosco,
1402 779 1490 825 ubi
1531 781 1689 827 libera
1726 796 1890 827 massa
1936 781 2270 845 cartilaginea
2309 789 2495 833 articu-

69 856 242 905 lorum
279 853 333 900 in
371 867 490 899 ossa
527 850 679 912 longa
727 850 986 913 longeque
1023 851 1304 896 introrsum
1344 859 1579 894 excavata
1622 847 1927 898 immittitur.
2019 846 2149 895 Inde
2196 855 2351 898 etiam
2389 855 2494 901 cla-

71 940 192 970 rum
231 921 308 976 sit,
347 936 440 968 eur
463 932 641 965 omnes
677 917 779 963 hae
818 927 985 979 partes
1025 917 1341 963 extrinsecus
1377 915 1541 972 firma,
1575 916 1749 962 scabra
1788 921 1842 964 et
1874 917 2088 978 spinosa
2113 916 2301 965 lamina
2331 937 2490 978 ossea,

73 1007 209 1056 quae
255 1004 397 1035 nunc
433 989 742 1040 minorest,
780 999 920 1031 nunc
963 984 1157 1039 maior,
1192 983 1472 1029 instructae
1522 982 1620 1030 sint
1671 982 1791 1044 (cfr.
1838 993 1949 1037 not.
2002 981 2118 1045 ἕως,
2170 987 2317 1050 2)‚-
2351 987 2493 1035 Dein

72 1062 230 1107 massa
272 1054 603 1116 cartilaginea
637 1052 910 1103 invenitur,
946 1055 1099 1101 etiam
1139 1050 1278 1098 inter
1329 1051 1549 1097 ossicula
1601 1054 1778 1111 carpi,
1838 1051 2146 1101 antibrachii
2194 1063 2245 1102 et
2291 1053 2491 1105 brachii

80 1121 345 1191 (Geoffr.)
389 1122 452 1170 ad
488 1125 674 1186 pinnas
710 1118 1082 1179 abdominales,
1118 1129 1170 1167 et
1210 1132 1526 1184 quocunque
1567 1121 1742 1166 oculos
1778 1121 2005 1172 verteris,

1203 1234 1255 1302 ς.
1298 1251 1382 1297 ιο.

209 1331 519 1393 Priusquam
554 1326 620 1375 ad
655 1326 943 1375 ordinatam
988 1325 1428 1370 enumerationem
1464 1324 1652 1372 ossium
1689 1322 2027 1390 progrediar,
2071 1322 2165 1373 ubi
2214 1325 2314 1372 suis
2365 1327 2492 1373 locis

70 1400 230 1447 simui
267 1410 432 1444 novas
468 1394 739 1445 nonnullas
779 1394 1056 1440 sententias
1097 1400 1250 1453 atque
1290 1391 1676 1440 observationes
1711 1397 1966 1451 inseram,
2014 1394 2118 1441 hoc
2153 1391 2494 1458 praemittam,

72 1482 160 1515 me
197 1480 310 1510 non
348 1462 462 1511 sine
497 1477 671 1511 caussa
715 1459 862 1508 Lucii
909 1460 1209 1506 structuram
1256 1458 1414 1507 modo
1453 1464 1739 1523 expositam
1777 1462 2000 1508 aliorum
2038 1476 2249 1526 quoque
2273 1463 2495 1522 piscium

71 1549 183 1582 esse
227 1532 492 1596 suspicari.
578 1530 643 1575 In
694 1528 830 1575 hanc
882 1526 1230 1591 suspicionem
1278 1531 1448 1588 primo
1500 1527 1753 1576 adductus
1803 1544 1914 1576 sum
1970 1545 1995 1573 a
2045 1529 2354 1590 Cuxstero'),
2403 1526 2493 1593 qui

72 1599 164 1650 ubi
201 1598 266 1654 de
289 1602 462 1646 nervis
497 1596 769 1644 oll'actoriis
804 1597 1020 1659 piscium
1057 1592 1308 1657 loquitur,
1347 1595 1404 1639 itz
1424 1594 1674 1658 piscibus,
1700 1599 1888 1661 inquit,
1928 1610 2021 1643 ore
2044 1597 2201 1657 longo
2229 1611 2298 1644 ac
2320 1608 2492 1642 rostro

73 1666 237 1715 simili
279 1665 549 1711 instructis
604 1663 691 1709 hio
744 1663 951 1709 nervus
985 1661 1235 1709 canalem
1282 1663 1699 1725 cartilagineum
1743 1675 2019 1730 penetrat.
2114 1665 2257 1713 Tum
2306 1663 2493 1711 frustra

70 1738 226 1799 plura
261 1733 326 1780 de
363 1731 458 1781 hac
492 1748 548 1780 re
585 1729 728 1792 apud
750 1730 1027 1794 Cuvierum
1052 1728 1245 1791 ipsum,
1295 1729 1519 1786 Carum,
1556 1730 1681 1778 alios
1719 1731 1946 1797 quaesivi
1980 1731 2239 1796 similique
2273 1731 2495 1796 quadam

75 1800 447 1851 observatione
485 1797 631 1863 quasi
670 1797 724 1845 in
761 1807 1061 1844 transcursu
1099 1811 1126 1841 a
1165 1796 1358 1861 Bojano
1404 1797 1497 1859 (Is.
1543 1801 1671 1855 1818
1715 1799 1836 1850 Vol.
1887 1799 1927 1849 I.
1968 1816 2021 1863 p.
2062 1802 2189 1863 504)
2231 1805 2495 1863 proposita

78 1877 351 1924 contentus
391 1883 499 1914 esse
538 1863 816 1924 debebam,
863 1880 1027 1928 usque
1069 1863 1193 1910 dum
1242 1875 1358 1913 ante
1394 1881 1589 1928 paucos
1629 1867 1736 1914 <lies
1784 1871 1921 1914 inter
1969 1868 2233 1914 edendum
2286 1869 2343 1913 in
2391 1868 2496 1915 Sal-2

73 1952 234 1982 mone
280 1934 582 1992 Maraenula
643 1933 792 1978 Lucii
850 1931 1197 1996 cartilaginem
1255 1934 1347 1980 sub
1395 1933 1591 1979 ossibus
1648 1932 1758 1980 nasi
1820 1946 1870 1980 et
1915 1936 2101 1985 frontis
2148 1934 2492 1998 reperiebam.

74 2004 213 2050 Tum
248 2006 586 2048 memineram
622 1999 1013 2046 Rosenthalium
1050 2003 1276 2062 picturas
1313 1999 1516 2046 dedisse
1552 2015 1615 2047 ex
1655 2017 1844 2065 genere
1882 2003 2168 2050 Salmonis:
2220 2011 2375 2067 atque
2411 2004 2493 2052 hic

77 2086 136 2119 re
175 2087 297 2117 vera
339 2081 546 2133 praeter
580 2066 933 2131 cartilaginem
970 2066 1163 2129 speciei
1202 2067 1386 2115 allatae
1422 2068 1453 2132 †
1493 2067 1845 2132 cartilaginem
1874 2074 2030 2117 etiam
2068 2071 2319 2118 Salmonis
2354 2073 2495 2120 Sala·

74 2142 143 2187 ris
179 2138 245 2204 ††
282 2140 576 2202 proposuit,
648 2135 825 2202 Quum
860 2137 1030 2180 statim
1063 2135 1220 2196 igitur
1253 2139 1445 2199 piscem
1486 2135 1631 2184 idum
1668 2139 1930 2185 incoctum
1966 2142 2247 2202 impetrare
2281 2140 2500 2190 studuis-

77 2222 202 2261 sem,
243 2204 387 2269 quod
424 2207 712 2265 suspicatus
747 2217 904 2259 eram,
941 2200 1137 2259 inveni,
1175 2200 1266 2248 sub
1307 2202 1660 2265 superioribus
1699 2205 1857 2253 cranii
1893 2204 2086 2256 ossibus
2114 2216 2261 2253 caute
2287 2214 2496 2256 remotis

77 2272 444 2336 cartilaginem,
479 2282 538 2317 ut
577 2274 634 2317 in
668 2272 850 2327 Lucio,
888 2285 1053 2334 usque
1090 2268 1157 2316 ad
1191 2271 1400 2334 occiput
1448 2271 1671 2323 extendi.
1744 2272 1860 2319 Hoc
1896 2289 2020 2323 vero
2059 2278 2344 2323 accuratius
2383 2291 2496 2339 per·

76 2344 285 2405 quirere
325 2354 424 2386 nec
460 2347 664 2401 tempus
698 2336 950 2402 permisit,
986 2353 1086 2386 nec
1127 2338 1368 2400 piscium,
1418 2353 1550 2401 quos
1588 2350 1695 2386 tum
1735 2339 2005 2398 habebam,
2053 2342 2291 2406 parvitas,
2364 2344 2496 2392 Mihi

75 2411 233 2471 igitur
269 2405 370 2453 hoc
405 2405 653 2453 indicasse
696 2400 884 2453 sufficit
921 2409 1192 2468 gavisuro,
1248 2405 1289 2453 si
1329 2409 1600 2469 peritiores
1638 2407 1738 2455 hoc
1776 2412 2041 2473 vestigium
2075 2412 2335 2477 persecuti
2370 2418 2493 2462 novi

80 2473 295 2540 aliquid,
338 2472 483 2538 quod
511 2473 691 2532 litteris
728 2475 911 2534 nostris
947 2475 1124 2536 prosit,
1163 2476 1477 2533 invenerint,

1202 2590 1253 2656 §-
1289 2606 1374 2647 11,

210 2671 321 2722 Iam
373 2676 527 2722 etiam
561 2672 664 2723 hoc
701 2673 944 2724 universe
981 2677 1335 2726 annotandum
1386 2689 1478 2736 est,
1524 2680 1697 2727 multis
1746 2677 1803 2728 in
1850 2679 2050 2730 ossibus
2101 2680 2261 2731 cranii
2306 2682 2489 2734 iinme-

78 2739 216 2791 'diate
253 2740 345 2791 sub
395 2753 514 2791 cute
551 2740 654 2798 sitis
663 2777 682 2811 ἕ
729 2742 929 2793 canales
974 2745 1223 2808 inveniri,
1277 2746 1373 2813 qui
1417 2751 1605 2812 passim
1647 2746 1986 2810 foraminibus
2032 2755 2360 2817 aperiuntur,
2410 2751 2496 2803 vei

2376 2831 2494 2872 cute

87 3010 112 3038 ἲ
143 3011 178 3055 1.
216 3026 259 3056 c.
292 3013 433 3058 Tom.
467 3015 556 3058 111.
589 3029 638 3071 p.
670 3020 772 3065 202.
803 3039 861 3051 -
920 3012 946 3056 i·
977 3017 1011 3064 l.
1048 3033 1090 3062 c.
1124 3020 1227 3067 tab.
1259 3020 1314 3065 V.
1347 3019 1426 3080 fig.
1460 3027 1531 3074 10.
1569 3042 1629 3057 --
1656 3021 1711 3065 ††
1742 3022 1809 3069 ib.
1844 3023 1945 3068 tab.
1982 3024 2062 3071 VI.
2100 3025 2181 3084 fig.
2215 3032 2258 3078 6.
