2643 3292
114 91 196 153 18
739 135 745 140 -
1172 104 1484 130 ···-‘···-·-·

134 249 155 269 ο
321 215 431 269 Iam
471 235 525 267 os
560 215 673 266 Hc·
712 211 922 275 (1Υἰτηο,
989 225 1142 281 atque
1177 215 1494 280 progredere
1528 215 1597 261 ad

130 289 246 343 -16,
327 287 708 350 JJmpanioum
747 284 894 348 (Hb)
946 285 1135 347 cf.f1g
1170 284 1253 334 lv
1292 310 1360 319 --
1394 283 1506 330 Hoc
1544 300 1596 330 os
1634 286 1904 347 propriam
1943 284 2201 365 quandam
2242 285 2400 332 habet
2438 284 2544 334 for-

259 353 750 405 mam.Deo1sum
800 356 853 397 in
902 352 1023 398 duas
1071 353 1280 398 luminas
1329 351 1598 405 dividitur,
1668 369 1884 414 quarum
1934 358 2168 415 superior
2210 354 2542 400 horizontalis

257 421 520 470 concurrit
570 436 688 468 cum
746 418 1049 467 horizontali
1097 420 1284 467 lamina
1332 417 1538 464 alterius
1589 421 1782 475 lateris,
1860 424 2196 484 omniumque
2248 420 2379 468 infra
2429 426 2545 473 ante

253 487 399 536 basin
437 486 669 551 occipitis
707 486 913 538 claudit
984 483 1089 533 Sub
1127 482 1331 534 soveola
1367 483 1401 531 h
1435 501 1532 549 pro
1569 484 1715 531 alveo
1751 487 1986 533 vestibuli
2019 487 2255 535 foramen
2294 504 2389 549 pro
2428 500 2546 532 ner-

257 572 322 604 vo
359 554 564 606 infram.
606 553 898 610 invenitur,
945 553 1162 601 inferius
1199 570 1323 603 vero
1363 552 1468 601 duo
1517 552 1612 599 alia
1656 551 1907 599 foramina
1948 554 2159 617 parvula
2204 571 2365 601 unum
2405 569 2548 617 pone

260 624 777 696 alterum‚q11orum
817 620 1030 668 alterum
1068 636 1284 672 nervum
1325 620 1693 677 abducentem,
1744 620 1988 678 alterurn,
2036 632 2094 667 ut
2130 621 2382 675 conficio,
2430 636 2550 666 ocu-

258 657 596 739 lomotorium
644 686 700 734 in
737 689 967 736 canalem
1003 699 1061 734 ω
1152 688 1209 734 in
1246 706 1352 753 quo
1395 686 1609 736 musculi
1658 686 1969 735 abducentes
2015 706 2053 738 s.
2103 693 2227 736 recti
2275 687 2548 736 oculorum

263 761 463 807 externi
507 758 777 814 oriuntur,
841 756 985 802 ducit
1029 754 1105 817 *).
1184 756 1282 804 Hic
1337 757 1523 803 canalis
1572 772 1629 802 ex
1678 753 1951 817 superiore
1989 754 2173 801 lamina
2212 756 2459 803 formatur
2498 766 2548 801 et

265 826 516 875 inferiore
568 822 723 870 huius
775 822 891 870 ossis
951 839 1067 868 cum
1111 823 1290 870 eadem
1337 824 1541 870 alterius
1591 826 1758 871 latens
1810 822 1995 867 lamina
2047 833 2418 886 convergente,
2477 823 2549 868 ita

267 903 469 950 tamen,
532 902 589 938 ut
627 891 726 937 hae
773 906 878 936 non
931 900 1300 944 concurrant,
1336 892 1425 939 sed
1471 893 1692 967 spatium
1738 894 1873 938 inter
1920 905 1973 936 se
2011 893 2305 957 relmquant
2340 894 2551 954 corpori

269 960 577 1023 sphenoidei
614 958 901 1004 subiacenti
937 960 1305 1022 canalemque,
1363 962 1465 1005 iam
1496 958 1552 1005 in

169 1040 251 1096 17
322 1032 452 1144 Bgsi
485 1027 725 1106 oeeipicis
762 1025 884 1088 (10)
923 1034 1122 1088 ortum,
1181 1025 1459 1079 claudenti.
1530 1024 1729 1074 Eodem
1776 1023 1935 1089 plane
1979 1022 2136 1071 modo
2175 1037 2256 1070 res
2302 1039 2355 1073 se
2394 1023 2554 1074 habet

271 1096 331 1146 in
412 1094 628 1162 yprinis

1264 1174 1331 1239 §·
1355 1177 1436 1229 16.

270 1265 389 1312 Huc
425 1271 695 1327 praeterea
732 1257 997 1323 pertinent
1035 1274 1144 1307 ossa
1185 1259 1317 1309 duoz

171 1339 251 1392 18.
324 1328 636 1378 Mascoz‘deo
677 1329 1032 1373 accessorium
1083 1326 1208 1387 (16.
1244 1325 1410 1390 Bojm)
1495 1325 1712 1375 Adiacet
1746 1329 1942 1388 postice
1978 1327 2026 1377 ei
2066 1328 2228 1378 cranii
2268 1329 2417 1386 loeo,
2467 1331 2560 1376 ubi

272 1401 368 1447 tria
407 1413 516 1445 ossa
551 1392 645 1453 Ib,
693 1395 819 1447 Ila,
864 1403 945 1442 10·
981 1402 1310 1442 concurrunt.
1377 1394 1511 1440 Huic
1557 1399 1655 1442 ossi
1701 1396 1893 1441 lamina
1940 1398 2383 1462 perpendicularis
2434 1401 2560 1447 ossis

270 1466 555 1529 superioris
606 1449 845 1526 scapulae
879 1461 1029 1522 (36)
1076 1461 1375 1507 membrana
1418 1459 1604 1509 fibrosa
1652 1461 1908 1514 inseritur
1993 1469 2053 1514 In
2100 1466 2335 1528 Cyp1ino
2378 1465 2562 1512 Brama

273 1534 423 1581 aliam
471 1529 692 1607 praebet
726 1528 946 1575 formam
979 1527 1297 1592 firmiterque
1340 1526 1585 1576 insertum
1629 1540 1701 1576 est
1754 1533 1888 1576 inter
1922 1533 2257 1579 mastoideum
2297 1542 2347 1579 et
2383 1547 2563 1581 arcum

273 1598 529 1662 occipitis.
598 1598 662 1646 In
693 1594 958 1658 Carpione
993 1613 1114 1644 vero
1150 1594 1351 1641 nullum
1391 1599 1496 1644 eius
1533 1601 1802 1660 vestigium
1840 1603 2074 1662 reperire
2116 1601 2284 1664 potui

178 1681 259 1735 19,
332 1670 574 1731 Squama
618 1676 759 1710 mter
798 1679 988 1709 arcum
1024 1664 1266 1726 occipicio*
1319 1675 1372 1709 ec
1409 1665 1721 1710 vertebram
1754 1669 1992 1726 primam
2031 1669 2264 1731 (16“‘),;
2300 1666 2564 1741 analogon

275 1735 450 1800 pocilli
491 1732 653 1795 (Isid
695 1738 843 1789 1821.
898 1730 1031 1785 Tab
1072 1743 1122 1794 4.
1158 1731 1259 1792 E)
1340 1733 1384 1777 A
1430 1729 1537 1778 basi
1584 1732 1810 1797 occipitis
1860 1750 1912 1781 se
1955 1737 2143 1783 tollens
2192 1753 2313 1782 cum
2363 1731 2567 1780 alterius

278 1806 452 1850 lateris
499 1815 708 1864 squama
757 1804 1022 1847 concurrit
1063 1814 1342 1862 arcumque
1388 1799 1671 1846 medullam
1710 1801 2046 1866 oblongatam
2088 1813 2321 1852 tuentem
2355 1803 2566 1853 format

282 1873 454 1934 Super
488 1866 598 1916 basi
632 1882 859 1932 parvum
894 1866 1119 1915 ostendit
1151 1865 1409 1921 foramen.

875 2058 1250 2118 CAPUT
1335 2077 1868 2120 TERTIUM.

746 2174 1052 2234 Ossizcm
1114 2177 1219 2254 fa
1241 2180 1398 2236 εἰεί
1470 2181 2000 2241 enumerati&

1274 2309 1320 2375 §.
1365 2324 1445 2376 17.

286 2398 431 2445 Haec
488 2413 597 2445 ossa
647 2395 831 2444 eodem
877 2394 987 2443 fere
1036 2392 1219 2442 ordine
1266 2411 1592 2459 proponam,
1649 2410 1753 2460 quo
1801 2402 2026 2458 quatuor
2080 2388 2271 2439 abhinc
2312 2410 2470 2441 annos
2521 2398 2576 2442 in

152 2465 517 2514 'dissertatione
562 2463 768 2527 publica
817 2481 938 2510 usus
987 2478 1118 2514 sum.
1193 2463 1317 2510 Ossa
1372 2463 1532 2525 igitur
1593 2463 1654 2513 ab
1714 2478 1826 2509 osse
1887 2460 2144 2525 quadrato
2194 2461 2573 2523 proliciscenua

154 2544 380 2598 quatuor
428 2534 654 2580 seriebus
704 2530 1042 2596 distinguam,
1103 2547 1267 2595 quum
1314 2532 1459 2597 prius
1515 2549 1578 2581 ea
1636 2550 1748 2583 ossa
1805 2543 2206 2586 enumeravero,
2274 2548 2409 2595 quae
2457 2541 2575 2577 ante

147 2601 280 2649 illud.
320 2598 493 2656 cranijo
531 2603 851 2655 inseruntur,

2420 2683 2444 2743 §
2501 2685 2576 2738 18.

185 2816 232 2867 ³¹²0
275 2816 377 2855 Nec
420 2815 476 2855 de
520 2812 594 2854 his
636 2810 988 2857 foraminibus,
1037 2824 1128 2851 nec
1170 2809 1228 2850 de
1262 2810 1423 2851 nervis
1458 2810 1891 2865 percurrentibus,
1940 2825 2030 2852 nec
2073 2812 2131 2852 de
2167 2811 2378 2859 canaiis,
2429 2827 2610 2867 quem.

272 2873 488 2920 intrant,
546 2886 638 2911 usu
681 2872 735 2912 in
768 2870 869 2912 ullo
904 2868 1032 2909 libro
1077 2867 1267 2921 aliquid
1310 2869 1534 2910 invenire
1568 2869 1726 2924 potui.
1792 2868 1972 2910 Cuvier
2010 2876 2058 2909 et
2093 2870 2246 2910 Carus
2281 2869 2366 2911 lios
2400 2884 2575 2911 nervos

276 2939 331 2970 ut
364 2930 516 2970 multa
560 2930 657 2969 alia
700 2943 761 2969 ne
805 2926 1062 2981 attingunt
1106 2926 1323 2981 quidem.
1391 2929 1483 2969 Sed
1519 2928 1643 2969 hanc
1679 2942 1783 2969 rem
1816 2927 1932 2968 satis
1972 2927 2371 2977 memorabilem,
2423 2941 2577 2984 quum

277 2990 333 3028 ab
372 2994 664 3045 argumento
699 3000 808 3027 meo
843 2984 1007 3026 aliena
1038 2984 1128 3036 sit,
1182 2984 1290 3024 aliis
1327 2987 1738 3042 perscrutandam
1772 2983 2015 3041 relinquo.
