2705 3277
1151 109 1460 133 -—--··-——
2169 143 2171 145 .
2441 97 2466 153 1
2482 95 2520 152 5

39 255 43 257 <
97 226 218 264 cute
261 216 750 267 nondurnremota.
821 211 1088 261 Eiusmodi
1132 217 1320 265 canalis
1358 216 1411 264 in
1440 232 1552 264 osse
1588 215 1864 280 marginali
1893 216 1999 262 nasi
2035 214 2290 281 incipiens
2330 228 2380 266 et
2403 219 2507 269 hoe

94 283 352 346 percurrit
402 296 450 331 et
494 297 553 329 os
597 282 782 328 frontis
821 293 869 326 et
908 290 1165 330 externam
1211 283 1501 346 marginem
1554 283 1678 330 ossis
1723 283 1996 330 mastoidei
2044 294 2091 330 et
2130 302 2186 333 os
2228 284 2393 333 adhuc
2429 290 2510 333 in-

94 352 356 413 cognitum
404 359 454 396 et
487 350 698 402 nomine
741 351 917 408 spinae
957 350 1198 412 scapulae
1235 368 1262 396 a
1303 365 1388 395 me
1424 346 1750 412 significaturi
1788 349 1918 411 (vid.
1949 350 2202 405 Corollar,
2238 352 2310 416 Ι.)
2362 365 2411 400 et
2450 369 2509 400 os

89 419 304 464 inferius
339 415 549 462 laterale
588 418 833 476 scapulae
870 414 1044 477 ipsius,
1099 423 1153 462 in
1178 421 1319 463 cuius
1340 414 1611 478 superficie
1636 421 1958 466 terminatur.
2026 417 2085 463 ln
2109 418 2267 466 iatere
2292 424 2508 468 similem

93 500 270 530 versu·
307 487 362 529 in
399 483 592 530 circulo
635 480 771 528 oculi
807 486 1054 542 aperitur.
1126 487 1189 530 In
1239 486 1569 545 zygomatieo
1620 500 1831 547 quoque
1876 487 2161 544 posteriore
2209 491 2394 534 canalis
2446 504 2509 536 ex

95 551 363 613 superiore
404 567 462 596 ac
486 549 773 612 posteriore
813 558 962 609 parte
987 550 1224 596 deorsum
1268 559 1423 614 atque
1460 561 1746 597 antrorsum
1789 551 2032 607 decurrit,
2071 556 2160 614 qui
2187 554 2361 618 aliquo
2390 571 2509 616 spa-

92 621 163 663 tio
190 621 478 664 intermisso
511 627 802 666 antrorsum
830 617 1167 662 continuatur
1193 632 1275 673 eo,
1315 621 1403 680 qui
1445 626 1518 663 cst
1552 619 1606 662 in
1631 615 1900 680 superficie
1935 617 2179 665 inferiore
2218 636 2363 666 arcus
2400 638 2505 668 ma-

90 684 239 732 xillae
268 682 539 733 inferioris.
590 688 706 734 Hoc
732 686 892 744 possis
932 683 1146 746 quidem
1194 684 1451 745 analogon
1479 683 1696 747 aliquod
1736 688 1921 731 canalis
1958 687 2222 731 alveolaris
2257 704 2508 734 mamma-

89 752 215 798 lium
247 754 451 808 dicere3
491 752 574 799 hic
615 764 784 799 autem
823 764 920 795 nec
957 765 1142 796 nervos
1178 767 1275 797 nec
1310 767 1432 796 vasa
1473 752 1539 798 ad
1577 751 1757 798 dentes
1787 751 1954 810 ducit,
2001 767 2136 814 quae
2167 752 2220 799 hi
2245 758 2413 816 potius
2441 772 2504 805 ex

95 821 400 868 membrana
436 818 621 869 rictum
657 817 896 869 induenti
928 815 1192 866 foramine
1232 819 1511 883 excipiunt,
1555 815 1688 868 hanc
1729 833 1897 869 versus
1934 822 1991 867 in
2025 816 2200 867 radice
2235 821 2459 873 recluso,

525 1024 952 1110 PARS
1094 1051 2057 1118 sPEolALIS.

369 1172 796 1232 Enumeratio
870 1174 1102 1231 ossium
1162 1178 1359 1234 tocius
1419 1179 1647 1255 capitis
1701 1177 1922 1235 Esocis
1976 1175 2185 1239 Lucii.

720 1321 1086 1382 CAPUT
1188 1341 1822 1387 SECUNDUM.

916 1441 1166 1492 Ossa
1259 1440 1634 1496 cranii.

1207 1579 1255 1645 §.
1301 1594 1380 1633 12.

219 1680 268 1726 Si
309 1692 491 1726 verum
532 1686 632 1739 est,
691 1672 756 1729 de
804 1698 908 1748 quo
947 1679 1172 1731 dubitari
1215 1695 1329 1728 non
1375 1685 1574 1744 potest,
1627 1675 1830 1730 facilius
1881 1697 1985 1731 esse
2029 1689 2081 1732 et
2126 1687 2340 1733 naturae
2381 1698 2504 1735 con-

81 1747 375 1796 venientius
421 1751 476 1792 in
525 1749 910 1798 considerando
958 1766 1276 1816 quocunque
1327 1762 1557 1812 corpore
1607 1749 1662 1794 in
1704 1751 1874 1808 ¹varias
1910 1761 2082 1815 partes
2121 1753 2427 1817 digredienti
2472 1768 2502 1801 a

78 1815 255 1863 radice
290 1813 371 1860 vel
405 1812 563 1879 stirpe
599 1815 942 1880 incipientem
980 1818 1205 1883 singulos
1252 1832 1424 1865 ramos
1476 1831 1535 1862 ac
1571 1815 1806 1863 surculos
1842 1823 2123 1883 persequi:
2179 1823 2232 1867 in
2271 1821 2502 1867 ordinata

80 1882 426 1946 descriptione
461 1885 636 1930 sceleti
674 1886 904 1935 animalis
941 1885 1222 1935 vertebrati
1257 1883 1392 1931 hanc
1429 1884 1598 1947 legem
1633 1898 1846 1950 ponam,
1896 1897 1954 1932 ut
1988 1887 2199 1935 notione
2237 1889 2504 1934 vertebrae

79 1952 316 1997 universe
349 1951 511 2011 posita
555 1967 581 1995 a
620 1963 874 2015 postrema
914 1959 993 2004 vel
1031 1952 1208 2002 infima
1245 1950 1480 2008 vertebra
1520 1949 1780 2011 (extremo
1815 1970 1922 2003 osse
1949 1954 2146 2002 caudae
2173 1972 2208 2007 ς,
2237 1956 2503 2019 coccygis)

76 2016 286 2064 initium
326 2017 586 2080 capiamus
625 2036 688 2069 ac.
722 2020 844 2069 dein
893 2039 1058 2088 usque
1107 2019 1172 2068 ad
1223 2035 1279 2068 os
1325 2019 1608 2067 incisivum
1653 2022 2080 2086 progrediamur,
2131 2039 2224 2070 suo
2269 2021 2387 2069 loco
2424 2023 2505 2068 in·

78 2097 331 2139 serentes,
383 2101 517 2148 quae
557 2101 770 2150 quaque
805 2102 953 2153 parte
992 2106 1020 2137 e
1058 2087 1335 2137 columnae
1372 2085 1671 2134 vertebralis
1705 2087 1866 2138 latere
1904 2088 2306 2153 proficiscantur.
2371 2088 2505 2136 Mihi.

79 2162 216 2198 certe
252 2150 377 2199 haec
415 2152 548 2200 ratio
592 2163 848 2204 contraria
890 2175 918 2203 a
947 2158 1180 2205 Goethio
1206 2155 1264 2214 ⁰)
1309 2154 1577 2218 proposita
1612 2155 1714 2200 iam
1759 2174 1821 2204 eo
1863 2155 2037 2218 aptior
2072 2157 2307 2213 videtur,
2355 2155 2502 2221 quod

78 2237 182 2285 quo
223 2220 384 2282 magis
422 2236 624 2268 sursum
660 2224 743 2269 vei
790 2238 1080 2274 antrorsum
1118 2238 1428 2288 progressus
1475 2222 1656 2279 fueriS,
1711 2241 1771 2271 eo
1822 2223 1982 2288 magis
2034 2235 2206 2286 partes
2255 2225 2503 2288 analogae

76 2304 183 2335 sese
227 2287 481 2350 explicant
515 2288 807 2355 formasque
845 2294 1263 2357 complicatiores
1300 2288 1542 2348 offerunt,
1589 2306 1710 2354 quas
1744 2295 1841 2339 illis
1882 2297 2118 2354 expositis
2152 2291 2352 2338 f·cilius
2387 2307 2505 2354 per-

75 2359 255 2418 spicias
285 2364 438 2417 atque
463 2355 699 2408 illustres.
719 2385 784 2396 —
810 2362 877 2408 Ut
904 2373 1074 2408 autem
1088 2358 1280 2408 Lucius
1307 2360 1522 2407 omnino
1564 2375 1590 2403 a
1617 2363 1875 2407 (ommuni
1912 2357 2113 2407 ratione
2151 2360 2350 2408 videtur
2373 2374 2505 2420 pau-

74 2424 181 2471 lum
207 2423 474 2479 recedere,
515 2427 588 2470 sic
613 2427 846 2476 ordinata
869 2433 1056 2477 ossium
1083 2427 1247 2475 cranii
1274 2428 1382 2475 eius
1409 2425 1685 2490 descriptio
1703 2444 1802 2474 nec
1820 2443 1941 2482 una,
1967 2443 2064 2474 nec
2082 2427 2235 2475 altera
2259 2426 2342 2473 via
2366 2427 2501 2472 bene

72 2491 364 2554 procedere
399 2492 631 2549 videtur,
679 2497 819 2559 quod
856 2505 1077 2561 propter
1126 2493 1358 2541 cranium
1407 2492 1794 2557 cartilagineum
1846 2511 1953 2543 una
1988 2493 2180 2541 lamina
2222 2496 2504 2541 formatum

74 2562 187 2620 ipsa
224 2560 444 2605 maxima
484 2576 544 2606 ex
592 2574 742 2622 parte
790 2581 845 2610 se
887 2565 1032 2630 quasi
1081 2565 1354 2611 coniuncta
1407 2577 1514 2609 esse
1564 2561 1860 2614 ostendunt.
1956 2563 2164 2627 Optima
2211 2563 2370 2624 igitur
2419 2557 2503 2605 hic

73 2627 205 2673 :mihi
244 2640 355 2673 esse
391 2628 597 2673 videtur
633 2632 716 2677 via
754 2630 1044 2693 analytica,
1083 2646 1187 2696 qua
1223 2632 1322 2677 iam
1358 2634 1414 2678 in
1451 2629 1677 2692 generali
1715 2630 2061 2694 explicatione
2109 2639 2390 2677 structurae
2413 2671 2418 2676 .
2441 2642 2502 2673 ex

72 2704 219 2757 parte
247 2706 363 2740 usus
390 2709 608 2745 sum.—
630 2697 874 2746 Ceterum
912 2698 995 2746 bio
1029 2703 1172 2745 locus
1211 2712 1322 2745 esse
1359 2696 1566 2744 videtur
1600 2714 1711 2745 rem
1747 2701 1865 2745 satis
1903 2697 2289 2746 memorabilem
2319 2691 2503 2742 afferre

73 2761 241 2820 hanc,
299 2757 390 2806 Ubi
427 2772 716 2812 ceterarum
763 2764 986 2835 partium
1020 2765 1307 2836 Lucii-tam
1353 2769 1640 2831 longarum
1690 2776 1844 2833 atque
1881 2778 2202 2816 externarum
2236 2766 2500 2880 ἑᾶἳοηεζη

2280 2849 2306 2877 a
2349 2843 2499 2886 ueris,

71 2998 120 3054 ss>
180 2995 281 3038 1.1.
324 2996 566 3052 pag-‚164
614 3009 694 3053 sq.‘
